3190 4944
606 268 665 294 τι.
700 234 743 292 13
785 266 842 291 -...

73 411 190 480 θέντος
212 410 391 492 προσώπου
416 409 672 490 ἀπαγγέλλοντοι,
703 409 740 472 τὰ
766 409 801 472 δὲ
825 408 1013 490 ὃροματικά,
1045 407 1104 472 ὅσα
1129 410 1189 472 οὐκ
1213 407 1278 472 ἀπὸ
1300 414 1365 478 rod⁴

74 499 285 572 συντιθέντος,
310 499 382 562 ἀλλ’
407 497 471 561 ἀπὸ
494 504 558 561 τῶν
582 499 804 581 ὑποκειμένων
822 517 827 530 ·
844 497 881 560 τὰ
907 497 942 560 δὲ
964 500 1068 579 μικτά,
1093 497 1153 560 ὅσα
1174 499 1230 560 ἀπ’»
1248 499 1362 579 QVO*

73 590 188 669 τέρων,
212 594 268 651 τοῦ
291 611 323 650 τε
346 586 546 657 συντιθέντος
565 588 619 650 καὶ
634 593 699 650 τῶν
715 588 937 669 ὑποκειμένων
954 607 960 619 ·
977 587 1056 650 κατὰ
1074 586 1161 650 δὲτὰ
1177 588 1366 673 πράγματα,ι

74 678 122 740 ὅτι
153 677 190 739 τὰ
221 676 281 759 μὲν
309 677 415 740 αὐτῶν
440 676 548 759 ἀληθῆ
571 678 635 750 εἰσι,
667 677 705 739 τὰ
730 676 764 740 δὲ
787 676 902 758 ψευδῆ,
932 675 978 738 τὰΙ
995 675 1029 738 δὲ
1054 676 1227 758 ἀμφίδοξο.
1273 679 1372 749 Quae

75 769 186 830 ultima
217 771 311 826 verba
343 769 415 826 mihi
444 769 565 844 quidem
589 768 694 844 aliqua
716 768 834 826 'ratione
857 768 998 826 videntur
1022 769 1182 826 cohaerere
1206 785 1274 825 cnm
1297 768 1358 824 As-

75 857 223 934 clepiadis
245 858 393 932 Myrleani
417 858 563 927 doctrina,
594 875 686 932 quam
710 858 746 914 de
770 857 901 916 historia
924 857 1058 933 protulit.
1093 857 1255 931 ¹Scriptum
1279 857 1365 936 anim¹

73 948 206 1021 legimus
224 947 304 1022 apud
322 946 447 1008 Sextum
465 947 646 1022 Empiricum
662 943 745 1024 πρὸς
761 943 1001 1024 γραμματικούς
1025 943 1044 1026 ξ
1062 946 1125 1006 252
1143 963 1171 1020 p.
1184 946 1258 1013 655,
1267 945 1308 1002 25
1319 945 1361 1004 B:

72 1040 130 1115 τῆς
163 1032 224 1113 γὰρ
256 1025 393 1113 temptor
414 1032 472 1114 τὴν
495 1034 555 1114 μέν
577 1055 644 1095 τινα
668 1032 776 1114 ἀληθῆ
799 1031 879 1095 εἶναι’
899 1055 986 1116 φησι,
1016 1032 1074 1114 τὴν
1098 1031 1270 1114 democriti,
1301 1029 1362 1113 τὴν,

39 1195 41 1198 ,
75 1123 111 1185 δὲ
137 1122 184 1190 ὡς
207 1121 350 1203 uinces)
771 1183 774 1190 ,
1206 1167 1208 1170 -

184 1215 247 1292 lam
278 1215 320 1292 ad
340 1214 496 1271 Romanos
527 1215 731 1272 transeamus
777 1213 854 1272 Nam
887 1212 976 1287 apud
996 1231 1050 1271 eos
1074 1231 1195 1289 quoque
1219 1212 1358 1270 Platonis

75 1303 202 1379 partitio
227 1303 379 1360 invenitur
402 1303 433 1359 in
457 1303 502 1360 eis
527 1303 658 1376 scriptis,
682 1303 714 1360 in
738 1302 850 1377 quibus
874 1303 977 1377 poesis
1002 1303 1141 1360 bucolica
1162 1304 1314 1360 tractatur
1328 1303 1360 1359 et

76 1409 157 1467 quae
190 1393 227 1448 ab
261 1390 410 1449 eiusmodi
442 1392 747 1450 commentationibus
778 1391 919 1466 pendent.
964 1390 1066 1449 Veluti
1090 1392 1171 1466 apud
1195 1386 1357 1467 Probum²l

77 1482 110 1538 in
136 1482 293 1539 comment.
317 1480 348 1537 in
372 1480 459 1553 Verg.
483 1481 554 1538 Buc.
579 1484 610 1537 et
633 1480 739 1555 Georg.
764 1480 1053 1555 v01.111,.2.p.329
1079 1481 1123 1538 ed.
1140 1480 1359 1552 Thilo-Hagen.

77 1569 224 1648 scriptum
240 1569 381 1646 legimus:
407 1570 509 1645 ‘Omne
526 1587 645 1630 carmen
661 1569 691 1626 in
708 1573 770 1627 tres
784 1570 973 1627 characteres
986 1569 1142 1627 dividitur:
1160 1569 1357 1636 dramaticon,

75 1660 108 1716 in
125 1676 186 1734 quo
203 1675 351 1733 personae
367 1659 579 1716 tantummodo
596 1659 745 1727 locuntur,
772 1659 1001 1733 diegematioon,
1026 1659 1057 1715 in
1075 1676 1136 1734 quo
1153 1659 1239 1717 solus
1256 1659 1359 1732 poete,

76 1747 199 1815 micton,
225 1747 278 1804 ubi
301 1747 472 1822 promiscue
496 1750 528 1805 et
550 1749 642 1823 poeta
665 1751 696 1804 et
718 1765 858 1823 persona.
898 1748 1035 1804 Omnium
1051 1751 1220 1822 specierum
1236 1747 1358 1821 eclogas

76 1838 109 1894 in
132 1835 286 1894 Bucolicis
310 1837 423 1911 posuit.
469 1837 634 1894 Dramatici
659 1837 716 1902 erit
738 1837 834 1910 prima
856 1828 906 1920 (n.
921 1828 1003 1920 1,1>:
1027 1837 1138 1912 Tityre,
1164 1839 1199 1894 tu
1221 1835 1359 1912 patulae;

77 1924 268 1998 diegematici
284 1926 340 1982 erit
354 1916 404 2008 (E.
421 1917 529 2008 1V,1>:
555 1925 700 1983 Sicelides
715 1925 831 1993 Musae,
850 1925 942 2001 paulo
959 1925 1076 1984 maiora
1092 1943 1247 1994 canamus
1274 1924 1361 1982 mixti

76 2005 128 2098 (E.
145 2006 252 2099 vl,1>:
284 2015 387 2071 Prima
410 2014 573 2088 Syracosio
608 2015 733 2088 dignata
765 2017 813 2072 est
843 2015 945 2071 ludere
976 2013 1087 2073 versu?
1133 2016 1239 2090 ltaque
1263 2015 1362 2098 primo·

77 2122 105 2178 p.
125 2103 190 2162 Chr.
206 2121 234 2160 n.
256 2103 381 2161 saeculo
405 2121 424 2160 a
441 2103 563 2176 Vergilii
580 2103 793 2177 interpretibus
810 2103 888 2162 hanc
904 2103 1072 2168 doctrinam
1088 2104 1119 2162 in
1135 2103 1361 2161 commentariis

77 2194 118 2250 ad
143 2192 208 2250 eius
231 2192 371 2271 bucolica
387 2192 568 2267 conscriptis
585 2210 652 2250 esse
669 2192 836 2250 adhibitam
852 2192 1064 2266 intellegimus,
1091 2210 1153 2267 qua
1167 2193 1244 2249 inre
1261 2193 1359 2249 Theo-

77 2281 146 2338 criti
170 2281 366 2362 interpretum
389 2281 538 2340 rationem
562 2299 615 2338 eos
641 2284 765 2340 secutos
790 2299 858 2338 esse
882 2299 1000 2340 censeo,
1035 2281 1124 2339 Haud
1141 2281 1204 2340 seio
1223 2299 1262 2338 an
1278 2281 1360 2338 Theo

77 2371 305 2443 grammaticus,
339 2388 428 2445 quem
460 2371 498 2427 ad
523 2370 714 2427 Theocritum
742 2371 989 2428 commentarium
1013 2371 1175 2445 scripsisse
1199 2365 1358 2445 constat‚⁸)

77 2461 285 2517 Romanorum
309 2463 417 2517 auctor
439 2460 539 2518 fuerit.
579 2458 696 2519 Similia
712 2462 821 2522 ,autem
845 2461 970 2533 praebet
994 2459 1118 2518 Servius
1143 2460 1181 2516 ad
1206 2460 1305 2533 Eclog.
1322 2458 1361 2516 lll

76 2567 105 2608 v.
124 2551 137 2605 l
157 2547 217 2606 vol.
230 2547 304 2610 Ill.l
324 2566 351 2623 p.
366 2549 417 2617 29,
430 2547 468 2606 18
479 2566 545 2624 sqq.
562 2549 608 2606 ed.
620 2548 851 2623 Thilo-Hagen:
868 2549 1020 2624 tnovimus
1037 2551 1139 2606 autem
1154 2552 1217 2606 tres
1234 2549 1359 2606 charac-

77 2647 159 2700 teres
183 2636 239 2694 hos
264 2654 333 2695 esse
357 2637 488 2695 dicendi:
512 2655 615 2705 unum,
641 2637 672 2695 in
696 2655 756 2712 quo
780 2640 899 2697 tantum
923 2639 1016 2714 poeta
1038 2638 1182 2712 loquitur,
1208 2639 1243 2696 ut
1267 2640 1315 2694 est
1329 2637 1360 2694 in

77 2727 178 2788 tribus
209 2725 294 2783 libris
326 2727 543 2801 georgicorum,
577 2727 670 2784 alium
692 2727 911 2795 dramaticum,
944 2728 974 2784 in
1006 2744 1067 2801 quo
1091 2745 1243 2801 nusquam
1267 2729 1361 2801 poeta

77 2815 222 2892 loquitur,
256 2817 291 2871 ut
314 2818 361 2872 est
384 2815 415 2871 in
439 2816 604 2873 comoediis
629 2819 660 2874 et
681 2816 859 2890 tragoediis;
891 2817 1014 2874 tertium
1038 2816 1174 2884 mixtum,
1199 2818 1234 2872 ut
1259 2817 1307 2872 est
1329 2815 1362 2880 in

77 2903 225 2972 Aeneide;
249 2922 320 2960 nam
344 2907 374 2960 et
389 2907 482 2979 poeta
497 2904 605 2962 illicet
620 2905 811 2963 introductae
828 2923 976 2980 personae
992 2905 1166 2980 loquuntur.
1183 2905 1240 2962 hos
1257 2907 1360 2962 autem

78 3010 185 3051 omnes
210 2993 401 3050 characteres
425 2993 455 3050 in
478 2993 617 3051 bucolico
643 3012 711 3052 esse
736 2995 878 3052 convenit
901 2995 1041 3064 carmine,
1068 2995 1149 3052 sicut
1171 2994 1246 3051 liber
1269 2994 1360 3050 etiam

77 3083 137 3139 iste
162 3080 370 3139 demonstrat?
409 3082 474 3140 Hoc
497 3083 565 3141 loco
591 3085 854 3141 commemoranda
870 3101 939 3141 esse
954 3084 1095 3142 videntur·
1112 3102 1156 3148 ea,
1183 3101 1262 3158 quae
1278 3083 1360 3157 apud

77 3171 197 3228 lunium
213 3170 433 3244 Philargyrium
450 3172 565 3247 scripte
580 3171 708 3245 legimus
725 3173 756 3228 in
772 3173 985 3246 explanatione
1001 3173 1031 3229 in
1047 3172 1193 3230 Bucolica
1208 3171 1331 3244 Vergilii
1348 3171 1360 3228 l

77 3259 237 3325 v01.111‚2
262 3259 326 3333 p.2
352 3261 396 3318 ed.
421 3260 653 3334 Thilo-Hagen:
686 3260 752 3336 ,ast
782 3262 860 3318 enim
884 3261 992 3319 modus
1017 3262 1210 3329 dramaticos,
1236 3263 1283 3318 est
1307 3278 1360 3317 ex·

78 3348 274 3422 egematieos,
308 3352 356 3406 est
384 3349 501 3408 miotos.
547 3345 738 3407 Dramaticos
763 3353 819 3417 est,
852 3351 882 3407 in
907 3368 967 3424 quo
991 3368 1141 3425 personae
1165 3351 1359 3417 inducuntur,

79 3436 314 3509 exegematieos,
351 3439 402 3514 qui
427 3441 456 3496 et
480 3438 683 3496 didascalicos
708 3438 823 3505 dioitm,
850 3439 880 3495 in
905 3457 964 3515 quo
988 3442 1081 3514 poeta
1105 3439 1192 3497 solus
1215 3439 1359 3513 loquitur,

80 3527 191 3584 mictos
217 3527 265 3582 est
288 3544 324 3582 ex
348 3529 476 3601 utroque
501 3525 667 3585 constans.³
713 3526 790 3584 Nam
815 3544 998 3602 quamquam
1023 3529 1145 3602 singula
1168 3528 1243 3586 artis
1268 3545 1361 3586 voea-

76 3615 154 3672 bula
182 3615 220 3670 ab
244 3615 329 3672 lunio
355 3616 543 3690 Philargyrio
568 3615 690 3690 prolata
713 3633 773 3672 non
798 3607 924 3690 prorsus
948 3635 1015 3674 cum
1039 3617 1115 3675 locis
1140 3635 1233 3691 supra
1257 3616 1360 3673 allatis
1439 3668 1441 3672 ,

78 3707 261 3777 congruunt,
294 3706 396 3759 tamen
429 3704 617 3778 singulorum
650 3721 792 3777 generum
817 3704 1009 3763 definitiones
1035 3707 1074 3763 ad
1097 3707 1176 3764 hanc
1199 3705 1361 3765 memoriae

77 3792 211 3850 traditae
235 3796 351 3866 partem
375 3809 444 3849 esse
467 3793 640 3850 referendas
664 3793 773 3851 iudico.
814 3794 901 3869 Apud
919 3795 1051 3853 Graecos
1074 3813 1195 3870 quoque
1212 3793 1362 3852 eiusmodi

79 3881 275 3939 definitiones
307 3884 439 3938 aetatem
469 3881 612 3940 tulerunt.
659 3883 693 3938 ln
717 3883 841 3940 scholiis
865 3884 943 3941 enim
968 3884 1092 3942 londin.
1118 3885 1156 3941 ad
1180 3883 1361 3957 Dionysium

190 4019 199 4049 1
557 4035 562 4047 ¹
745 4019 749 4029 .
1023 4020 1028 4030 .

42 4151 47 4160 ,
94 4160 99 4171 ,
159 4017 208 4170 l
229 4017 1363 4171 erere-,ueleuarestus,restrueretur.tt...

77 4163 138 4214 trco
157 4159 196 4214 illi
215 4175 278 4214 esse
297 4160 500 4229 assrgnandum
519 4162 676 4231 nuperrime
695 4163 900 4217 demonstravit
918 4165 947 4218 F.
965 4164 1088 4218 lllarxius
1106 4163 1135 4217 in
1154 4162 1362 4233 prolegomenis

78 4232 117 4285 ad
136 4230 274 4284 Lucilium
299 4232 466 4301 conscriptis
492 4232 574 4302 (Lips.
596 4233 673 4301 leon
699 4234 779 4290 vell
796 4251 823 4304 p.
837 4235 936 4289 nxxll
945 4251 1006 4306 sqq.
1045 4236 1123 4302 Quae
1149 4251 1212 4298 cnm
1235 4235 1278 4288 ita
1296 4233 1362 4298 sint,

79 4318 115 4382 ea
135 4317 248 4372 quoque
267 4306 409 4367 corruunt,
430 4320 503 4375 quae
517 4303 552 4358 de
564 4304 649 4360 Probi
662 4305 863 4360 commentario
877 4306 1006 4375 exposuit
1020 4306 1101 4360 Thilo
1115 4306 1144 4360 in
1156 4307 1250 4361 annal.
1263 4305 1361 4359 Fleck-

80 4389 168 4428 eisen.
188 4373 310 4428 vol.149
328 4375 417 4442 (1894)
436 4393 462 4446 p.
475 4375 596 4447 290sqq.
1194 4383 1203 4406 '

189 4446 208 4512 ³)
229 4444 266 4499 oi.
280 4446 449 4501 Ahrensium
468 4447 496 4501 in
514 4448 605 4520 bucol.
619 4447 715 4502 Graec.
729 4447 776 4500 rel.
791 4447 845 4501 vol.
858 4446 882 4500 ll
900 4464 926 4517 p.
939 4447 1049 4504 XXVII.
1081 4448 1274 4503 Artemidorus
1294 4464 1362 4502 num

78 4513 225 4587 scripserit
244 4519 483 4582 commentarium,
504 4521 548 4572 est
565 4518 712 4572 incertum.
751 4516 787 4571 cf.
807 4518 926 4573 eundem
944 4519 962 4573 l.
976 4535 998 4574 s.
1012 4536 1033 4575 s.
1065 4537 1090 4590 p.
1104 4519 1160 4574 Xlr.
