3190 4944
643 259 865 317 „gg-

6 419 7 502 λ
119 437 343 504 dissertatione,
369 455 448 513 quae
471 437 646 495 inscribitur
669 438 705 494 de
730 438 899 495 Stoicorum
926 437 1036 495 studiis
1061 437 1218 495 rhetoricis
1243 456 1270 513 p.
1288 437 1330 495 54
1355 436 1396 514 (in

118 529 272 584 comment.
304 525 407 600 philol.
438 525 514 583 Vrat
515 526 561 584 iel.
593 526 654 584 vol.
684 525 796 603 itt
770 526 843 584 Item
879 526 1060 584 Stoicorum
1081 526 1268 586 doctrinam
1284 538 1394 601 sapere

117 615 198 674 videt
185 619 236 673 tur
258 615 333 672 illud
357 612 658 704 ἐκπληκτικώτατον,
682 615 764 690 quod
783 615 970 672 invenitur'
962 633 994 672 ιιι
1003 607 1108 673 Procli
1124 613 1395 691 chrestomathialt

118 704 160 762 De
183 704 282 762 medio
307 691 425 761 dicendi
448 721 556 779 genere
581 704 674 779 apud·
673 704 820 762 Photium
837 705 912 762 haec
929 706 1059 762 exstant
1068 706 1177 761 verba:
1193 699 1228 763 τιὸ
1246 691 1338 763 bl
1286 725 1396 788 μεσον

116 790 168 852 καὶ
190 791 332 872 τοῦνομα
355 789 415 870 μὲν
439 789 572 872 triow
551 803 597 852 οτι
618 791 718 871 μεσσν
742 789 862 853 ἐστιν’
844 796 974 872 αμφοῐν,
998 793 1029 850 in
1046 793 1211 850 anecdotro
1234 792 1334 872 μέσον
1351 790 1394 863 δέ,

6 941 7 952 .
117 879 211 942 ὃκαλ
242 880 392 960 ἑκατέραν
422 880 551 960 μετέχει.
597 882 663 939 Ηιιο
695 883 821 946 accedit.
854 882 885 939 id
918 883 998 957 quod
1030 881 1149 938 minime
1176 881 1394 962 neglegendum

6 1013 7 1032 ι
116 975 175 1037 εει.
198 971 280 1056 quod
304 970 417 1029 eisdem
440 971 601 1029 vocabulis
625 971 743 1038 dicendi
759 988 869 1045 genera
886 971 1097 1044 significantur
1113 973 1143 1028 et
1158 971 1239 1046 apud
1252 971 1395 1028 Proclum

116 1061 175 1117 οιΙ
160 1077 199 1117 ιιι
224 1060 373 1117 anecdoto
398 1063 490 1135 atque
514 1060 596 1134 apud
619 1059 815 1118 Plutarchum
839 1062 1044 1135 personatum
1089 1061 1198 1134 Atque
1214 1060 1305 1116 etiam
1320 1059 1395 1117 illud

115 1145 276 1227 nidopffl)
309 1149 391 1223 apud
421 1151 490 1206 tros
513 1148 583 1207 illos
607 1152 748 1207 auctores
774 1149 879 1206 eodem
903 1167 997 1207 sensu
1022 1148 1145 1206 adhibet
1132 1151 1189 1206 ι.ιιι
1234 1148 1395 1207 Praeterea

6 1287 7 1308 ,
116 1241 183 1297 eet
192 1229 449 1295 considerandum
481 1229 563 1313 apud
595 1237 666 1295 Plut
653 1239 789 1296 tarchum
825 1241 1021 1312 personatum
1051 1237 1069 1296 l.
1094 1255 1118 1294 s.
1142 1255 1166 1295 s.
1199 1255 1222 1295 c.
1247 1237 1288 1296 73
1320 1238 1394 1296 haec

6 1315 7 1336 ¹
114 1326 245 1385 inveniri
271 1328 381 1384 verba:
415 1325 433 1406 ἡ
464 1323 524 1405 μὲν
556 1323 594 1405 δὴ
619 1331 687 1405 τῆς
695 1323 909 1406 φράσεωςῖὅ
918 1324 961 1386 έα
984 1323 1131 1405 τοιαύτην
1154 1325 1216 1405 ἔχει
1238 1324 1395 1386 ποικιλίαν

6 1471 7 1490 γ
115 1418 145 1473 οι
168 1433 192 1476 c.
212 1415 274 1473 172
298 1412 353 1476 και
373 1413 487 1481 ταύτας
508 1412 564 1482 τὰς
587 1413 707 1482 ἰδέας
729 1418 793 1475 τῶν
813 1412 920 1494 λόγων
930 1411 1079 1494 Ομηρος
1092 1413 1275 1494 παρίστησιν
1291 1412 1394 1497 αὐτός,

115 1502 208 1583 ε’ντῇ
232 1502 354 1583 ποιήσει
378 1501 481 1574 δείξας
504 1503 621 1585 ἁπάσῃ.
657 1505 845 1574 Quibuscum
867 1504 968 1563 verbis
989 1505 1130 1562 conferas
1145 1504 1235 1561 velim
1252 1513 1394 1580 calquae

6 1633 7 1656 ι
115 1595 241 1667 praebet
263 1593 389 1652 Proclus
413 1594 443 1651 in
467 1594 706 1677 chrestomathia
729 1594 812 1668 apud
826 1593 968 1651 Photium
991 1611 1019 1668 p.
1036 1593 1100 1650 318
1114 1594 1133 1651 b
1146 1593 1204 1651 36:
1229 1591 1260 1652 οῖ
1282 1590 1316 1652 δὲ
1335 1595 1395 1653 τῶν

115 1680 293 1768 εἰρημένων
317 1680 551 1761 ἀποσφαλέντες
575 1680 707 1743 ἰδεῶν.
743 1683 797 1741 His
823 1701 944 1759 quoque
961 1683 1036 1740 locis
1053 1699 1125 1739 num
1142 1682 1246 1740 Stoica
1256 1679 1277 1758 ³)
1295 1683 1396 1740 subsit

115 1771 262 1840 doctrina,
295 1772 461 1829 diiudicare
492 1789 552 1830 non
584 1772 690 1831 ausim.
726 1773 854 1843 Quibus
886 1771 1102 1830 demonstratis
1127 1784 1272 1847 apparere
1294 1772 1395 1829 iudico

6 1855 7 1892 ἶ
114 1859 214 1919 Procli
245 1878 366 1943 quoque
398 1861 566 1918 doctrinam
599 1879 636 1918 ex
668 1877 703 1918 eo
731 1862 815 1918 fonte
839 1879 908 1919 esse
931 1861 1084 1928 haustam,
1110 1877 1148 1917 ex
1171 1878 1231 1935 quo
1255 1860 1396 1918 anecdoti

115 1952 146 2007 et
167 1948 322 2007 Plutarchi
346 1950 500 2023 personatr
491 1951 618 2008 rverba
641 1953 827 2007 emanarunt.
863 1949 928 2008 Hoc
952 1953 1007 2007 aut
1009 1967 1054 2006 em
1079 1952 1214 2024 apparet,
1240 1952 1302 2007 tres
1326 1949 1394 2008 illos

115 2040 257 2096 auctores
290 2039 432 2105 Graecos,
466 2038 502 2095 de
534 2038 645 2122 quibus
677 2038 776 2096 adhuc
809 2039 933 2112 egimus,
960 2038 1034 2095 illud
1059 2029 1204 2116 ἀνθηρὸν
1227 2033 1311 2105 εἶδος
1334 2055 1395 2096 non

6 2175 7 2197 ι
113 2126 257 2184 hahere
249 2144 280 2184 m
304 2127 427 2184 charact
415 2130 510 2183 terum
534 2139 668 2196 numero
695 2128 748 2184 sed
773 2128 817 2185 eis
842 2128 1031 2201 subiungere.

220 2215 307 2273 Nunc
331 2216 370 2272 ad
394 2215 549 2273 Romanos
572 2218 774 2277 transeamus
821 2216 920 2274 Primo
945 2218 1047 2274 autem
1070 2215 1138 2272 loco
1162 2215 1323 2273 Diomedes
1347 2219 1396 2273 est

6 2351 7 2394 γ
113 2307 193 2362 tract
180 2305 304 2372 t,andus
330 2305 383 2379 qui
398 2305 473 2362 haec
489 2304 583 2361 habet
597 2306 706 2362 verba:
732 2305 868 2381 Poemat
869 2323 905 2362 os
922 2307 1119 2383 χαρακτῆρες
1143 2307 1215 2361 sunt
1236 2307 1394 2380 quattuor:

111 2384 248 2473 μακρός,
280 2391 412 2472 βραχύς,
442 2391 549 2472 μέσος,
578 2390 741 2472 ἀνθηρός.
789 2393 873 2464 Quae
900 2395 994 2452 verba
1017 2394 1112 2468 primo
1140 2383 1251 2450 obtutu
1275 2394 1395 2451 minime

6 2539 8 2558 .
113 2483 257 2541 videntur
273 2482 433 2540 cohaerere
457 2500 525 2540 cum
549 2483 602 2552 eis
630 2500 709 2557 quae
733 2499 827 2557 supra
850 2485 923 2540 sunt
946 2483 1095 2557 exposita.
1143 2481 1200 2539 Sed
1227 2488 1394 2557 opportune

6 2571 7 2610 l
114 2572 239 2639 accidit,
277 2573 409 2646 quoda
433 2572 582 2629 Diomede
616 2567 781 2650 χαρακτὴρ
813 2567 957 2650 ἀνθηρός
992 2571 1049 2628 hoc
1084 2571 1174 2628 modo
1210 2571 1393 2646 explicatur:

6 2657 7 2660 ’
114 2656 270 2739 ςάνιιηρός
293 2662 358 2718 ιιι
350 2678 381 2718 m
396 2661 458 2727 vil,
484 2661 537 2718 ubi
560 2661 776 2719 amoenitatem
800 2660 859 2718 luci
883 2678 919 2718 ac
940 2660 1074 2718 fluminis
1099 2659 1296 2718 describendo
1320 2661 1395 2718 facit

6 2807 7 2814 γ
112 2749 338 2807 narrationem?
378 2751 462 2820 Quae
478 2751 572 2808 verba
588 2750 747 2808 cohaerere
767 2767 835 2806 cum
852 2750 905 2818 eie,
932 2767 1011 2825 quae
1028 2749 1110 2823 apud
1127 2748 1264 2806 Proclum
1281 2750 1395 2824 scripta

113 2838 253 2910 legimus,
279 2839 424 2910 cognovit
448 2839 600 2896 Usenerus
624 2838 641 2896 l.
663 2857 687 2899 s.
711 2858 734 2897 s.
759 2858 786 2914 p.
805 2838 867 2897 607
892 2839 961 2896 adn.
979 2840 1007 2896 3.
1046 2838 1134 2912 Apud
1150 2837 1291 2899 Photium
1316 2838 1393 2895 enim

113 2945 142 3002 p.
161 2926 269 2985 318b
287 2926 385 2984 3513.
409 2927 485 2985 haec
508 2930 577 2985 exst
564 2930 632 2985 tant
655 2929 765 2989 verba:
798 2924 996 3006 ἁρμόζειόὲ
1028 2925 1102 3001 (scil.
1126 2923 1270 3006 ἀνθηρὸς
1294 2947 1392 3005 χαρα-

111 3013 203 3094 κτήρ)
230 3014 459 3094 τοπογραφίαις
482 3013 536 3076 καλ
567 3014 734 3096 λειμώνων
764 3016 783 3095 ἢ
816 3014 922 3076 ἀλσῶν
957 3014 1146 3094 ἐκφράσεσιν
1177 3017 1245 3074 οι
1238 3034 1268 3073 1n
1300 3016 1393 3073 schol

6 3131 7 3164 ;
111 3104 239 3162 Londin.
275 3106 313 3162 ad
346 3105 471 3180 Dionys.
507 3105 574 3163 Thr.
610 3124 637 3180 p.
666 3106 740 3174 449,
775 3106 814 3163 31
847 3106 898 3163 Η·
939 3102 1084 3184 ἀνθηρὸν
1119 3101 1153 3165 δὲ
1187 3102 1313 3183 λέγεται,
1349 3101 1394 3164 ὅτι

111 3189 248 3271 ἁρμόζει
277 3190 409 3272 μάλιστα
439 3190 521 3272 πρὸς
550 3191 739 3272 ἀπαγγελίαν
774 3190 940 3272 λειμώνων
970 3191 1023 3253 καὶ
1051 3191 1187 3254 ἀνθέων.
1234 3194 1324 3251 Praet
1311 3196 1394 3251 terea

6 3317 7 3351 3
112 3283 196 3382 apud
219 3283 394 3340 Diomedem
423 3279 545 3362 βραχὺς
567 3281 730 3362 χαρακτήρ
761 3284 818 3341 hoc
846 3285 935 3341 modo
959 3287 1059 3341 tracta
1059 3287 1124 3340 ι;ιιι
1157 3280 1317 3363 βραχύς
1347 3285 1395 3340 εει

112 3375 149 3428 ιιι
180 3371 210 3427 in
235 3371 269 3438 V,
303 3372 355 3428 ubi
387 3373 422 3430 de
454 3372 628 3446 Ganymede
665 3372 843 3430 strictim
879 3371 1001 3430 narrat’.
1048 3374 1164 3443 Quibus
1193 3389 1260 3429 cum
1291 3373 1393 3430 verbis

111 3460 224 3525 confer,
251 3477 330 3534 quae
354 3461 468 3534 scripta
490 3461 618 3535 legimus
641 3461 672 3517 in
696 3461 789 3520 schol.
805 3461 929 3519 Londin.
954 3461 993 3518 ad
1009 3462 1134 3537 Dionys.
1151 3461 1255 3520 Thrac.
1272 3479 1300 3536 p.
1316 3460 1391 3528 449.

112 3548 175 3606 28:
215 3544 345 3626 ι’σχνὸν
378 3545 417 3608 τὸ
453 3546 760 3628 συνεσταλμένον.
817 3550 849 3606 In
881 3550 1039 3608 'Plutarchi
1074 3553 1176 3608 autem
1211 3551 1263 3624 qui
1298 3551 1394 3607 fertur

111 3637 215 3696 libello
239 3638 275 3694 de
299 3638 365 3694 vite
388 3641 420 3694 οι
441 3639 528 3714 poesi
551 3639 671 3696 Homeri
694 3656 718 3697 o.
737 3639 786 3696 72.
810 3635 917 3716 ἰσχνὸν
939 3635 1067 3716 πλάσμα
1095 3639 1152 3696 hac
1176 3639 1292 3695 ratione
1316 3638 1392 3695 deii·

111 3727 209 3784 nitur:
241 3723 347 3804 ἶσχνὸν
371 3723 462 3786 δὲτὸ
486 3725 599 3806 καλιῇ
622 3725 679 3806 ὕλῃ
703 3730 767 3787 τῶν
789 3725 987 3806 πραγμάτων
1012 3725 1158 3806 μικρόν.
1203 3727 1309 3803 Itaque
1332 3745 1393 3784 non

114 3819 188 3874 sunt
219 3816 456 3888 comprobanda,
491 3834 568 3891 quae
599 3816 756 3874 Kaibelius
787 3817 805 3874 l.
830 3834 853 3874 s.
879 3835 902 3874 s,
934 3835 961 3890 p.
990 3816 1028 3874 19
1066 3817 1102 3874 de
1137 3817 1280 3873 Diomede
1312 3808 1392 3874 dicit.

6 3929 7 3996 ι
113 3904 259 3979 Exempla
291 3907 392 3961 autem
424 3907 462 3962 ab
495 3923 530 3963 οο
563 3908 597 3963 ιιι
628 3908 666 3964 ab
698 3906 817 3964 homine
849 3906 985 3963 Romano
1017 3924 1054 3963 ex
1085 3905 1230 3979 Vergilio,
1262 3922 1323 3962 non
1356 3923 1393 3962 ex

113 3993 244 4052 Homero
269 3993 370 4050 afferri
394 3994 513 4051 minime
535 3995 635 4052 miror.
682 3995 765 4064 Quae
790 4012 857 4052 cum
888 3995 932 4051 ita
955 3995 1025 4062 sint,
1060 3995 1174 4070 optimo
1198 3995 1262 4051 iure
1285 3995 1392 4052 existi-

6 4079 7 4098 *
114 4100 197 4139 mare
228 4082 300 4139 mihi
332 4083 437 4140 videor
466 4083 621 4142 Diomedis
652 4086 746 4142 verba
775 4085 903 4141 fluxisse
936 4102 951 4140 e
982 4085 1136 4158 prooemio
1167 4084 1212 4140 in¹
1229 4083 1392 4157 Vergilium

127 4396 194 4451 ΜΟ
221 4327 240 4394 1)
261 4326 471 4450 οἷὸΙΞιιιιιοιιιιιι
491 4327 508 4380 l.
522 4343 543 4380 s.
558 4343 580 4380 e.
599 4343 626 4396 p.
645 4326 681 4380 59
708 4330 737 4380 οι
763 4327 944 4381 Lehnertium
973 4328 1008 4381 de
1036 4326 1151 4381 scholiis
1179 4327 1217 4380 ad
1241 4327 1392 4382 Homerum

113 4412 126 4449 r
148 4413 163 4450 θ
197 4413 296 4536 ΙΓ’Ἶροι
318 4439 492 4523 schmidium
511 4469 528 4524 l.
542 4486 563 4524 s.
578 4486 599 4524 s.
619 4486 645 4541 p.
667 4469 725 4524 135.

221 4539 241 4608 ³)
261 4539 297 4594 ci.
317 4540 503 4597 Schraderum
522 4541 550 4595 in
568 4540 689 4596 Hermae
708 4541 763 4595 vol.
783 4541 909 4595 XXXVII
927 4539 1014 4608 11902)
1033 4556 1060 4611 p.
1079 4539 1140 4594 572.

1197 4629 1230 4684 6.
