3190 4944
660 245 881 303 -31-

124 422 314 497 Bemaysius
337 422 369 479 in
392 439 428 480 eo
452 422 538 491 libro,
573 423 625 498 qui
648 423 835 482 inscribitur:
868 423 961 491 ,Zw'ei
983 422 1225 498 Abhandlungen
1255 423 1331 482 iiber
1360 423 1408 480 die

123 511 274 570 aristotel.
291 511 418 569 Theorie
434 511 488 569 des
503 511 625 570 Drama‘
647 530 674 588 p.
693 512 743 570 57.
779 513 844 583 Quo
860 512 928 570 loco
945 513 1091 587 scriptum
1107 512 1247 586 legImus:
1272 511 1408 579 „welche

123 600 174 658 die
205 599 377 668 Katharsis‚
412 600 458 657 als
491 601 556 658 eine
579 601 752 675 llntladung
783 601 986 660 sollicilierter
1013 601 1217 668 Afiektioncn‚
1253 601 1408 659 einnimmt

122 689 297 764 gegeniiber
317 689 374 746 den
393 689 567 762 tragisohen
583 690 853 749 Musterwerken.“
889 690 1051 748 Praeterea
1072 708 1139 749 meo
1160 690 1272 748 iudicio
1291 689 1407 748 Aristo-

122 779 203 836 teles
227 779 293 853 Ipse
322 778 496 853 scripsisset
519 777 558 839 δι’
583 776 672 840 ἐλέου
696 776 749 838 καλ
772 776 890 858 φόβου,
920 797 983 857 non
1011 776 1050 839 δι’
1082 778 1189 839 οἴκτου
1221 775 1274 839 καὶ
1306 776 1406 845 δέους.

123 868 232 943 Itaque
267 868 368 925 verbis
404 867 479 925 illis:
522 867 541 947 ἡ
573 865 733 946 τραγῳδία
764 866 895 948 ὑφαιρεῖ
920 865 958 928 τὰ
989 865 1115 947 φοβερὰ
1147 865 1323 947 παθήματα
1354 871 1408 947 τῆς

122 959 234 1035 ψυχῆς
257 953 297 1016 δι’
322 954 428 1018 οἴκτου
452 953 506 1016 καὶ
530 954 624 1024 δέους
655 957 858 1016 intelleximus
891 960 1046 1015 auctorem
1077 959 1229 1015 tractatus
1260 957 1408 1014 incertum

124 1045 302 1103 Aristotelis
331 1045 368 1103 de
400 1046 535 1103 catharsi
566 1047 734 1105 doctrinam
764 1065 834 1105 esse
865 1047 1109 1122 interpretatum;
1134 1049 1236 1104 utrum
1258 1063 1331 1104 vero
1361 1046 1407 1102 in·

125 1134 278 1192 tellcxerit
300 1152 366 1192 eam
390 1151 492 1202 necne,
519 1136 683 1210 quaeritur.

234 1222 297 1281 Iam
321 1224 378 1282 erit
400 1225 552 1298 agendum
575 1224 612 1282 de
641 1224 816 1282 commediae
840 1225 1017 1283 definitione
1041 1224 1234 1283 celeberrima
1257 1220 1287 1303 (ξ
1305 1221 1346 1300 3),
1372 1223 1408 1280 de

13 1314 16 1320 '
123 1329 189 1388 qua
212 1315 244 1370 et
258 1313 445 1387 Bernaysius
470 1316 501 1371 et
515 1313 673 1372 Kaibelius
697 1313 776 1370 idem
792 1313 908 1389 profert
929 1314 1082 1373 iudicium.
1117 1313 1305 1388 Bernaysius
1329 1312 1408 1370 enim

124 1402 159 1460 in
175 1419 251 1459 mus.
268 1401 362 1460 Rhen.
380 1401 439 1459 vol.
456 1401 523 1459 VIII
539 1401 648 1479 (latet
665 1420 693 1477 p.
711 1402 775 1461 568
791 1402 877 1460 dicit:
904 1403 1013 1471 „Diese
1030 1402 1231 1461 seinsollende
1243 1401 1409 1460 Definition

125 1491 179 1548 der
202 1490 348 1548 Komddie
371 1491 415 1549 ist
437 1492 537 1549 nichts
561 1491 609 1550 als
638 1492 704 1549 eIne
725 1491 912 1566 jammerlich
936 1492 1152 1566 ungeschickte
1176 1491 1333 1549 Travestie
1357 1491 1409 1547 der

122 1579 371 1638 aristotelischen
386 1597 447 1638 von
463 1581 516 1638 der
530 1581 710 1656 Tragodie‚“
727 1579 886 1638 Kaibelius
902 1583 1004 1639 autem
1020 1581 1038 1639 l.
1052 1599 1077 1643 s,
1089 1598 1113 1638 s.
1130 1599 1158 1656 p.
1176 1581 1230 1640 54:
1248 1623 1265 1648 ‚‚
1284 1623 1291 1637 .
1307 1623 1314 1638 .
1331 1625 1338 1639 .
1354 1579 1409 1638 Dic

124 1669 268 1743 groteske
284 1669 412 1727 Parodie
428 1668 483 1727 aui
499 1669 546 1728 die
563 1669 786 1728 aristotelische
802 1669 1129 1744 Tragddiendeiinition
1145 1711 1153 1728 .
1169 1713 1175 1728 .
1193 1712 1199 1727 .
1217 1713 1224 1727 .
1242 1676 1260 1701 “
1295 1668 1407 1726 Eodem

124 1757 217 1816 modo
241 1758 358 1816 iudicat
380 1758 561 1831 Doeringius
593 1760 624 1816 in
655 1777 691 1817 eo
722 1759 807 1827 libro,
842 1759 894 1834 qui
916 1759 1104 1817 inscribitur:
1138 1758 1203 1826 ‚Die
1226 1757 1410 1816 Kunstlehre

123 1848 182 1906 des
197 1847 387 1906 Aristoteles¹
412 1865 440 1921 p.
460 1847 536 1906 127:
562 1848 648 1916 „nac
672 1847 762 1906 dabei
785 1849 832 1905 die
855 1848 988 1922 traurige
1004 1847 1331 1905 Komddiendeiinition
1355 1847 1409 1904 des

124 1936 341 1994 Cramerschen
356 1937 535 2011 Anonymus
556 1953 633 2010 ganz
658 1937 751 1994 ausser
774 1937 846 1994 aoht
861 1936 1002 2011 gelassen
1018 1937 1141 1995 werden
1156 1936 1236 2005 mult,
1261 1937 1305 1994 ist
1326 1935 1409 1994 wohl

125 2025 461 2083 selbstversttindlich.“
509 2025 611 2099 Longe
642 2028 744 2083 autem
775 2025 858 2083 aliud
887 2019 1031 2083 Iudicium
1054 2025 1169 2100 profert
1192 2025 1408 2099 Baumgartius

123 2114 156 2172 in
175 2131 211 2172 eo
227 2114 312 2181 libro,
330 2113 384 2189 qui
398 2114 564 2189 inscriptus
581 2116 642 2174 est:
668 2115 848 2183 ‚Handbuoh
864 2114 915 2172 der
930 2114 1047 2172 Poetik‘
1072 2133 1100 2189 p.
1118 2113 1182 2172 666
1196 2133 1262 2190 sqq.
1300 2113 1411 2172 Censet

124 2204 206 2262 enirn
236 2205 335 2260 totam
365 2203 448 2260 illam
482 2204 656 2261 comoediae
688 2204 896 2261 definitionem
918 2203 1078 2262 Aristoteli
1109 2221 1178 2262 esse
1209 2203 1409 2262 tribuendam.

125 2292 186 2350 Sed
211 2310 278 2349 meo
295 2292 416 2367 quidem
439 2292 551 2350 iudicio
576 2310 674 2368 neque
697 2293 790 2350 huius
812 2310 910 2367 neque
933 2292 1053 2350 illorum
1077 2292 1230 2350 sententia
1248 2291 1338 2366 plane
1362 2294 1411 2349 est

123 2382 360 2456 comprobanda.
406 2381 472 2439 Hoc
496 2385 598 2439 autem
627 2384 758 2450 constat,
790 2381 874 2439 illam
898 2381 1104 2439 definItionem
1136 2399 1204 2439 esse
1236 2381 1409 2439 Institutam

125 2470 294 2529 secundum
318 2470 494 2544 tragoediae
519 2471 724 2528 definitionem
748 2473 787 2530 ab
810 2470 975 2529 Aristotele
999 2471 1159 2546 prolatam.
1198 2470 1257 2528 Sed
1282 2488 1350 2528 cum
1374 2470 1410 2528 de

123 2561 185 2617 hac
215 2562 301 2634 parte
332 2562 484 2617 tractatus
516 2560 606 2619 Coisl.
634 2559 692 2618 viri
722 2560 805 2617 docti
834 2559 955 2617 minime
994 2559 1195 2626 consentiant,
1229 2576 1245 2616 e
1277 2577 1308 2616 re
1341 2576 1410 2616 esse

124 2648 246 2706 videtur
269 2647 368 2707 denuo
393 2648 429 2705 de
452 2649 506 2707 illa
534 2649 708 2708 comoediae
733 2649 908 2707 definitione
931 2649 1087 2709 disserere.
1133 2648 1240 2723 Itaque
1271 2665 1333 2706 rem
1364 2648 1410 2706 ita

123 2737 336 2806 instituamus,
362 2740 397 2795 ut
420 2737 542 2812 singula
564 2739 630 2796 eius
654 2739 749 2797 verba
772 2739 946 2796 accuratius
970 2739 1187 2796 examinentur.

234 2826 367 2883 Primum
390 2827 468 2884 euim
490 2827 522 2884 in
542 2830 678 2886 tractatu
695 2827 785 2885 Goisl.
810 2828 955 2902 scriptum
978 2827 1106 2900 legimus
1131 2825 1317 2884 comoediam
1342 2843 1410 2884 esse

124 2914 328 2973 imitationem
352 2915 483 2973 actionis
499 2916 656 2985 ridIculae;
680 2917 709 2973 id
727 2916 809 2991 quod
826 2916 955 2974 dilucide
978 2933 1047 2974 esse
1071 2915 1244 2991 expositum
1267 2917 1410 2990 rectoque

123 3003 191 3061 talo
225 3006 306 3062 stare
342 3021 460 3063 censeo.
512 3005 617 3080 Neque
650 3022 720 3063 vero
757 3005 881 3063 dubium
916 3023 984 3063 esse
1016 3008 1135 3079 potest,
1181 3005 1254 3079 quin
1286 3001 1409 3082 γελοίου

125 3092 307 3150 mutandum
324 3093 366 3150 sit
380 3093 411 3150 in
427 3090 557 3171 γελοίας.
595 3094 670 3152 Nam
686 3095 848 3152 verborum
863 3094 983 3153 termIni
1006 3094 1036 3151 in
1061 3095 1162 3152 codice
1179 3093 1268 3153 Ooisl.
1285 3093 1409 3168 saepius

125 3184 203 3240 sunt
226 3182 384 3257 depravati
409 3185 501 3257 atque
525 3184 552 3240 ei
576 3183 736 3259 praecique
760 3180 780 3262 ξ
799 3184 827 3243 3.
1458 3155 1483 3243 ί9

236 3271 295 3328 Sed
319 3272 500 3329 accedamus
525 3272 563 3329 ad
580 3272 731 3345 graviora.
761 3272 795 3328 In
812 3273 855 3330 eis
872 3272 960 3340 enim,
986 3290 1064 3348 quae
1081 3274 1233 3340 secuntur,
1258 3273 1410 3330 tractatus

125 3359 219 3418 Goisl.
252 3360 374 3417 exhibet
403 3361 479 3418 haec
510 3361 615 3418 verba:
646 3358 700 3420 καὶ
730 3357 868 3439 ἀμοίρου
899 3357 1060 3439 μεγέθους
1081 3358 1206 3421 τελείου.
1252 3360 1299 3419 Ad
1330 3361 1410 3418 hunc

125 3449 229 3506 locum
253 3449 465 3524 explicandum
482 3468 497 3506 e
513 3468 544 3507 re
560 3467 630 3507 esse
654 3449 725 3506 mihi
741 3450 862 3507 videtur
885 3450 1004 3507 initium
1019 3451 1119 3508 facere
1144 3450 1183 3507 ab
1205 3449 1258 3507 illo
1282 3447 1408 3517 τελείου,

126 3539 306 3614 praesertim
335 3555 402 3594 cnm
433 3539 465 3595 in
487 3539 662 3612 tragoediae
686 3539 861 3597 definitione
892 3535 1007 3604 τελείας
1035 3540 1178 3613 scriptum
1210 3541 1313 3596 exstet
1340 3541 1410 3596 ante

123 3623 268 3706 ,μέγεθος
298 3624 443 3706 ἐχούσης.
490 3628 549 3685 Sed
583 3627 745 3702 quaeritur,
783 3630 883 3685 utrum
918 3628 1109 3685 scribendum
1144 3628 1185 3684 su
1218 3624 1335 3687 τελείου
1371 3645 1411 3684 an

126 3711 252 3781 τελείας.
289 3716 460 3790 Usurpatnr
484 3720 586 3774 autem
609 3719 674 3774 tum
698 3717 756 3774 hoc
779 3719 844 3774 tum
868 3716 952 3774 illud.
986 3718 1087 3791 Atque
1111 3716 1192 3791 apud
1215 3715 1410 3774 Aristotelem

126 3805 304 3864 femininum
322 3804 498 3880 plerumque
514 3805 623 3880 legItur
645 3801 752 3885 τελεία,
778 3805 942 3880 aliquoties
966 3803 1087 3872 τέλειος.
1125 3806 1228 3863 Veluti
1249 3806 1281 3862 in
1296 3805 1409 3862 Ethicis

126 3893 243 3951 Nicom.
267 3912 295 3968 p.
316 3893 399 3951 1153
416 3894 435 3950 b
451 3894 489 3951 16
514 3895 590 3952 haec
615 3895 730 3969 scripta
753 3896 890 3953 exstant:
915 3891 1048 3973 οὐδεμία
1065 3890 1126 3973 γὰρ
1143 3893 1281 3972 ἐνέργεια
1296 3890 1410 3960 τέλειος

126 3978 375 4060 έμττοόιζομένη.
431 3983 534 4058 Neque
568 4001 641 4041 vero
678 3984 816 4058 exempla
854 4001 981 4042 casuum
1017 3984 1208 4058 obliquorum
1244 3984 1410 4041 secundum

126 4071 261 4130 Bonitzii
284 4071 412 4129 indicem
436 4089 459 4129 s.
481 4090 509 4133 v.
533 4069 647 4138 τέλειος
678 4073 760 4147 apud
783 4073 977 4131 Aristotelem
1009 4075 1139 4130 exstant.
1186 4073 1298 4130 Contra
1328 4073 1410 4146 apud

127 4160 288 4219 Platonem
311 4161 342 4217 in
366 4160 504 4219 Phaedro
528 4180 556 4236 p.
574 4161 672 4220 2490
696 4163 842 4236 scriptum
865 4162 1004 4235 legimus:
1035 4165 1099 4228 τοῖς
1122 4158 1156 4221 δὲ
1188 4158 1227 4240 δὴ
1259 4158 1411 4228 τοιούτοις

126 4246 211 4328 ἀνὴρ
234 4247 461 4328 ὑπομνήμασιν
484 4247 596 4328 ὀρθῶς
623 4248 799 4329 χρώμενος,
830 4248 954 4317 τελέους
986 4248 1033 4310 ἀεί
1062 4246 1184 4316 τελετὰς
1213 4247 1410 4330 τελούμενος,

128 4335 232 4404 τέλεος
256 4336 357 4405 ὄντως
378 4335 479 4418 μόνος
503 4337 642 4418 γίγνεται.
690 4340 749 4397 Sed
781 4341 946 4398 secundum
972 4359 1016 4408 ea,
1050 4357 1128 4414 quae
1152 4357 1247 4413 supra
1270 4339 1409 4415 exposui,

127 4424 244 4494 τελείας
268 4446 336 4486 esse
360 4428 551 4487 scribendum
574 4429 683 4486 iudico.

237 4517 398 4587 Quaeritur
421 4521 532 4586 autem,
566 4518 779 4576 satisfaciatne
808 4519 900 4576 huius
925 4517 1118 4576 definItionis'
1142 4517 1313 4576 sententiae
1335 4517 1410 4575 illud
