3190 4944
630 237 853 296 „11-

96 412 376 494 χαρακτηρίζουσα
384 411 407 492 1)
439 411 527 495 (αὕτη
552 412 572 494 ῆ
595 412 741 494 ποίησις).
779 412 955 493 ἐκπέφευγε
978 411 1013 474 δὲ
1036 410 1072 474 τὸ
1096 412 1177 492 ἀγαν
1201 410 1302 494 ἁδρὸν
1325 411 1380 474 καλ

96 503 281 583 ὑπέρογκον
311 507 366 583 τῆς
393 501 590 582 ποιῆσεωςλ)
635 504 733 561 Paulo
765 505 868 562 antem
899 503 1075 580 ampliorem
1105 506 1223 562 textum
1254 506 1381 579 praebet

97 595 278 652 Aneodoton
300 593 428 651 Estense
452 587 579 673 111,6³):
612 589 658 652 ότι
687 590 793 672 πάσης
815 589 977 672 ποιήσεως
1000 595 1082 671 τρεῖς
1112 590 1249 671 ἐχούσης
1279 612 1379 672 χαρα-

97 686 228 762 κτῆρας,
257 679 495 761 διηγηματικόν,
519 677 715 762 δραματικὸν
738 678 792 741 καῖ
814 679 934 760 μικτόν.
980 677 1016 742 τὸ
1039 678 1232 760 βουκολικὸν
1254 679 1379 760 ποίημα
1425 701 1427 704 ·

96 769 203 850 μῖγμά
227 768 289 831 ἐστι
311 766 429 837 παντὸς
453 767 567 840 εἴδους,
591 768 699 850 ὥςπερ
723 769 983 850 συγκεκραμένον
1007 773 1044 850 τῆ
1059 767 1204 848 ποικιλίᾳ.
1252 766 1379 830 διὸκαὶ

96 857 301 940 χαριέστερον
324 857 386 919 ἐστι
407 863 446 940 τῇ
468 856 606 938 ποικιλίᾳ
628 863 684 938 τῆς
706 857 863 940 κράσεως.
897 856 974 919 ποτὲ
996 856 1056 938 μὲν
1073 856 1134 938 γὰρ
1151 856 1380 938 διηγηματικόν

99 947 172 1019 ἐστι,
195 945 272 1008 ποτὲ
297 945 331 1008 δὲ
356 945 560 1028 δραματικὸν,
584 945 661 1008 ποτὲ
686 945 721 1008 δὲ
743 946 864 1028 μικτόν.
904 947 966 1008 ἔστι
991 945 1025 1008 δὲ
1051 944 1246 1027 δραματικὸν
1268 944 1329 1026 μὲν
1344 945 1381 1008 τὸ

97 1035 237 1118 μηδαμῆ
268 1058 303 1116 γε
333 1035 491 1116 ἐμφαῖνον
517 1034 554 1097 τὸ
576 1034 755 1115 πρόσωπον
777 1041 835 1097 τοῦ
857 1040 1001 1116 ποιητοῦ,
1033 1033 1261 1116 διηγηματικὸν
1286 1033 1381 1096 δὲτὸ

99 1123 210 1188 διόλου
234 1120 430 1207 ἐμφαῖνονβ)
454 1122 567 1205 μικτὸν
592 1122 685 1186 δὲτὸ
708 1129 754 1206 πῆ
776 1124 836 1206 μὲν
860 1118 1027 1204 ἐμφαῖνον,
1050 1130 1096 1206 πῆ
1118 1122 1152 1185 δὲ
1168 1123 1217 1186 οὔ.
1255 1123 1289 1186 ἐν
1304 1128 1381 1186 πᾶσι

100 1213 138 1276 δὲ
164 1213 241 1276 ὅσον
265 1212 333 1275 οἷόν
356 1236 388 1276 τε
410 1212 449 1274 τὰ
471 1217 536 1275 τῶν
560 1213 725 1293 ἀγροίκων
749 1212 814 1294 ῆθῆ
833 1213 1031 1294 ἐκμέσσεται,
1047 1217 1190 1293 τερπνῶς
1205 1211 1290 1274 πάνυ
1306 1211 1381 1280 τοὺς

97 1308 138 1384 τῇ
162 1302 309 1382 ἀγροικίᾳ
332 1299 552 1381 σκυθρωποὺς
574 1301 692 1381 λόγους
714 1303 1000 1383 χαρακτηρίζουσα.
1047 1301 1124 1364 ὅθεν
1149 1301 1325 1382 ἐκπέφευγε
1343 1299 1380 1362 τὸ

99 1392 182 1471 ἀγαν
207 1389 307 1470 ἁδρὸν
330 1391 384 1452 καὶ
407 1391 589 1472 ὑπέρογκον
604 1397 660 1472 τῆς
674 1391 844 1472 ποιήσεως.
883 1393 1034 1450 Theocriti
1050 1395 1153 1450 autem
1168 1393 1382 1468 prolegomena

99 1486 176 1544 sunt
198 1483 336 1540 adhibita
357 1481 389 1540 in
405 1482 517 1556 proleg.
533 1483 656 1540 Hesiod.
672 1501 700 1558 p.
714 1483 848 1558 5.85qq.
872 1477 1066 1562 Gaisiord.⁵):
1090 1477 1203 1541 Ἰστέον
1226 1478 1272 1541 ότι
1294 1484 1381 1541 πᾶσα

99 1569 228 1651 ποίησις
250 1573 332 1649 τρεῖς
356 1569 418 1650 ἔχει
442 1575 646 1650 χαρακτῆρας
670 1587 676 1600 ·
702 1567 940 1651 διηγηματικόν,
961 1567 1161 1649 Ιδραματικὸν
1184 1568 1238 1630 καὶ
1260 1567 1381 1649 μικτόν.

99 1656 155 1720 καὶ
179 1657 408 1740 διηγηματικὸν
430 1658 491 1739 μέν
515 1658 579 1720 ἐστι
596 1658 629 1720 ἐν
645 1655 675 1738 ᾦ
691 1657 709 1720 ὁ
724 1657 858 1740 ποιητὴς
873 1657 976 1739 μόνος
991 1657 1132 1739 φαίνεται
1148 1657 1381 1738 φθεγγόμενος,

77 1747 209 1827 Ὶὥςπερ
240 1745 380 1809 ἐνταῦθα
410 1746 430 1809 ὁ
456 1746 590 1828 ποιητὴς
621 1744 770 1816 Ἡσίοδος
792 1747 895 1828 μόνος
919 1745 952 1808 έν
975 1746 1067 1808 παντὶ
1089 1751 1136 1826 τῷ
1160 1745 1383 1827 συγγράμματι

100 1835 243 1917 φαίνεται
256 1835 493 1917 διαλεγόμενος·
504 1834 699 1916 δραματικὸν
713 1835 747 1898 δέ
764 1836 797 1898 ἐν
813 1832 843 1916 ᾧ
859 1835 1006 1916 οὐδαμοῦ
1020 1835 1038 1897 ό
1052 1834 1187 1916 ποιητὴς
1202 1835 1382 1916 φθέγγεται,

100 1925 209 2006 ὥςπερ
244 1925 278 1987 ἐν
311 1930 378 1993 ταῖς
412 1924 601 2006 κωμῳδίαις
635 1923 764 2004 ὁρῶμεν
799 1924 852 1986 καὶ
886 1929 953 1993 ταῖς
979 1923 1170 2005 τραγῳδίαις
1201 1923 1382 2005 γενόμενον.

99 2012 214 2096 μικτὸν
232 2012 275 2085 δέ,
300 2013 333 2075 ἐν
357 2010 387 2094 ολ
403 2013 469 2076 ὅτε
491 2013 625 2094 ποιητὴς
649 2012 820 2093 διαλέγεται
842 2013 896 2075 καὶ
911 2012 1071 2093 πρόσωπα
1088 2013 1225 2094 εἰσῆκται
1241 2011 1382 2092 διαλεγό-

100 2124 192 2184 μενα,
216 2101 285 2164 οἷον
310 2101 343 2164 ἐν
366 2108 405 2184 τῆ
428 2100 533 2164 Ἰλιάδι
556 2102 747 2183 ἐμφαίνεται.
781 2101 937 2170 Ἅπαντες
961 2101 995 2163 δ’
1020 2098 1110 2164 οὗτοι
1131 2103 1163 2164 οἱ
1184 2107 1383 2183 χαρακτῆρες

101 2191 137 2254 ἐν
160 2196 225 2260 τοῖς
240 2191 445 2273 βουκολικοῖς
459 2196 516 2253 τοῦ
537 2188 716 2271 Θεοκρίτου
729 2189 868 2253 ἐοίκασιν
884 2190 1037 2272 ὑπάρχειν
1054 2209 1060 2222 ·
1077 2190 1131 2252 καὶ
1145 2196 1248 2271 μῖγμα
1264 2189 1384 2258 παντός

102 2281 184 2342 ἐστιν
207 2279 312 2349 εἴδους
335 2280 485 2360 καθάπερ
509 2280 770 2361 συγκεκραμένον
792 2277 822 2360 ᾦ
846 2278 899 2341 καί
919 2279 1028 2360 χάριέν
1045 2280 1107 2341 ε’στι
1121 2285 1159 2362 τῆ
1174 2278 1313 2360 ποικιλίᾳ
1327 2284 1383 2360 τῆς

102 2368 260 2450 κράσεως,
291 2368 368 2431 ποτέ
390 2368 450 2450 μὲν
475 2365 681 2450 συγκείμενον
705 2369 741 2430 ἐκ
766 2367 1006 2450 διηγηματικοῦ,
1037 2368 1114 2430 ποτέ
1139 2367 1174 2431 δὲ
1197 2369 1233 2430 εἰι
1258 2367 1382 2449 δραμα-

100 2463 202 2530 τικοιῖ,
233 2457 309 2520 ποτὲ
334 2457 368 2520 δὲ
393 2458 428 2520 ἐκ
451 2463 566 2538 μικτοῖ
590 2458 691 2538 ἤγουν
716 2456 946 2538 διῆγηματικοιῖ
971 2457 1025 2519 καὶ
1048 2456 1253 2538 δραματικοῦ.
1300 2460 1384 2530 Quae

101 2550 197 2608 verba
220 2567 311 2624 quam
336 2553 401 2607 arte
425 2550 607 2608 cohaereant
631 2566 698 2607 oum
723 2549 776 2617 eie,
802 2567 881 2624 quae
904 2549 1019 2623 scripta
1042 2551 1167 2607 exstant
1185 2549 1217 2606 in
1232 2549 1383 2606 anecdoto

101 2639 176 2707 Est,
201 2639 297 2712 primo
322 2640 433 2696 obtutu
457 2641 591 2714 apparet.
636 2638 699 2696 Nec
722 2655 794 2696 vero
819 2637 1036 2712 neglegendum
1060 2641 1108 2695 est
1131 2638 1300 2696 anecdoton
1320 2631 1384 2695 ast.

102 2744 215 2802 magna
231 2744 299 2784 curn
315 2727 541 2803 probabilitatis
558 2728 659 2802 specie
672 2728 800 2786 Tzetzae
816 2745 873 2785 nos
888 2727 920 2784 in
937 2727 1035 2785 altera
1049 2727 1140 2784 huius
1157 2726 1383 2784 dissertationis

102 2818 190 2892 parte
203 2833 271 2874 osse
283 2817 486 2874 attributuros
499 2817 686 2892 eundemque
699 2817 737 2874 ed
750 2816 916 2874 Hesiodum
928 2801 1142 2891 prolegomena
1154 2815 1384 2890 conscripsisse.

102 2906 266 2963 Praeterea
296 2906 589 2963 commemorandum
620 2909 668 2964 est
700 2902 920 2984 διηγηματικῷ
947 2907 1122 2984 χαρακτῆρι
1154 2904 1292 2979 exemplo
1315 2921 1384 2961 esse

102 2994 280 3053 Hesiodum.
321 2993 417 3052 Simili
433 2997 536 3053 autem
553 2995 671 3052 ratione
687 2995 770 3070 apud
785 2995 959 3052 Diomedem
983 2993 1021 3070 (p.
1039 2994 1082 3052 54
1097 2992 1214 3069 Kaibel)
1238 2992 1385 3067 exegetici

101 3083 222 3158 generis
246 3083 364 3159 species
389 3083 528 3142 affertur:
553 3081 703 3162 ςῖστορικῆ
721 3129 729 3142 .
745 3129 751 3142 .
769 3130 777 3142 .
799 3086 835 3141 ut
858 3086 907 3140 est
926 3077 1078 3142 Ἠσιόδου
1103 3084 1263 3159 γυναικῶν
1286 3079 1384 3140 κατά-

102 3169 220 3250 λογος.’
267 3172 433 3230 Dramatici
457 3176 559 3231 eutem
581 3173 699 3246 generis
723 3172 862 3247 exempla
885 3174 1156 3230 commemorantur
1174 3170 1332 3245 tragoedia
1355 3173 1386 3228 et

103 3260 264 3346 comoedia
287 3261 392 3319 eadem
416 3263 533 3320 ratione
557 3264 651 3336 atque
675 3279 694 3318 a
709 3261 838 3319 Platone
860 3260 878 3318 l.
896 3279 919 3318 s.
937 3279 961 3321 s.
978 3263 1009 3318 et
1024 3279 1043 3318 a
1058 3261 1211 3329 Diomede,
1237 3259 1290 3334 qui
1309 3261 1384 3318 haec

103 3350 179 3407 dicit
201 3368 231 3425 p.
247 3350 289 3408 53
313 3349 442 3409 Kaibel.:
468 3347 675 3429 εδραματικόν
699 3396 705 3408 .
731 3396 737 3408 .
762 3353 829 3408 ,αῖ
847 3367 880 3408 se
904 3350 1018 3407 habent
1040 3349 1174 3424 tragicae
1198 3352 1228 3406 et
1251 3349 1385 3406 comicae

102 3437 248 3497 fabulae?
295 3439 395 3497 Tertio
428 3443 530 3498 autem
560 3439 628 3498 loco
652 3439 823 3496 invenimus
847 3439 979 3497 Iliadem.
1027 3438 1172 3496 conferas
1195 3437 1286 3495 velim
1309 3439 1385 3496 haee

102 3527 259 3586 Diomedis
282 3530 387 3586 verba:
413 3531 534 3604 κοινοῦ
557 3528 607 3586 vel
630 3528 798 3586 eommunis
820 3529 937 3602 species
953 3528 1050 3602 prima
1066 3530 1115 3585 est
1129 3527 1260 3595 heroica,
1285 3529 1322 3584 ut
1337 3529 1386 3585 est

103 3615 237 3676 Iliados?
272 3617 362 3691 Apud
378 3617 537 3676 Platonem
561 3617 708 3693 scriptum
732 3616 873 3691 legimus:
897 3613 917 3694 ῆ
943 3613 971 3676 δ’
998 3611 1038 3675 αὗ
1063 3612 1106 3675 δι’
1131 3613 1327 3695 ἀμφοτέρων
1351 3613 1385 3674 έν

102 3726 136 3765 τε
158 3708 196 3785 τῆ
219 3708 283 3765 τῶν
308 3703 395 3765 ἐπῶν
418 3704 549 3785 ποιήσει.
585 3706 705 3766 Similes
721 3705 780 3763 loci
795 3705 874 3762 inira
890 3705 1064 3764 afferentur.
1098 3705 1267 3762 Memoratu
1283 3708 1385 3762 autem

214 3878 233 3943 1λ
252 3879 320 3932 Inde
344 3895 363 3931 a
385 3878 478 3932 verbis
495 3879 577 3930 Πᾶσαι
600 3877 705 3944 ποίησις
728 3894 817 3949 usque
841 3878 1012 3932 adverbum
1036 3877 1262 3948 χαρακτηρίζαυοα
1286 3876 1386 3931 eadem

104 3949 194 4004 verba
211 3949 392 4004 inveniuntur
411 3950 497 4004 etiam
515 3949 543 4004 in
563 3948 660 4005 codiee
678 3949 805 4004 Medioeo
823 3950 867 4004 37.
905 3949 955 4004 cir.
975 3948 1129 4018 Zieglerum
1147 3966 1173 4019 p.
1186 3948 1230 4003 98.

213 4020 233 4088 ²)
251 4019 283 4073 In
309 4021 347 4089 hy
367 4020 513 4074 othesibus
538 4037 650 4091 quoque
674 4022 710 4075 ad
734 4019 846 4090 singula
865 4019 1009 4074 Theocriti
1028 4020 1152 4075 carmina
1171 4017 1338 4088 conscriptis
1356 4020 1386 4072 et

105 4091 180 4162 apud
198 4090 308 4147 Iunium
328 4037 534 4163 Plrilergyrium
552 4093 581 4146 in
605 4091 808 4147 commentario
833 4091 870 4146 ad
888 4091 991 4160 Vergili
1009 4091 1144 4146 Bucolica
1168 4091 1325 4161 composito
1344 4089 1386 4144 in·

100 4163 257 4237 ,veniuntur
276 4163 348 4218 haec
366 4163 434 4218 artis
453 4163 600 4218 vocabula.
637 4163 693 4218 Sed
712 4164 767 4218 hac
786 4164 821 4217 de
839 4179 869 4217 re
888 4162 963 4217 inira
981 4179 1106 4232 agemus.

213 4235 232 4301 ⁸)
252 4234 288 4288 cl.
309 4236 426 4289 alteram
447 4234 529 4289 huius
548 4233 756 4289 dissertationis
775 4238 892 4304 partem.
969 4257 970 4262 ¹

212 4305 233 4371 ‘i
253 4306 289 4360 oi.
303 4305 450 4375 Origenem
468 4307 524 4361 vol.
537 4305 574 4359 lll
590 4322 622 4390 p.
634 4306 695 4371 286,
705 4306 725 4360 4,
735 4306 956 4360 Klostermann.:
975 4301 1069 4376 τὸγὰρ
1082 4300 1271 4374 διηγηματικὸν
1281 4301 1386 4374 πρόσω-

104 4395 158 4428 πον
178 4384 315 4442 πανταχοῦ
340 4375 489 4447 (θυίουσιν
506 4380 551 4428 καὶ
570 4395 595 4429 οι
612 4380 675 4448 περὶ
691 4372 878 4434 παντοδαποὺς
895 4374 1029 4446 γενόμενοι
1046 4373 1145 4446 λόγους)
1170 4373 1225 4428 ἐστὶ
1243 4372 1387 4446 πρόσωπον

104 4453 153 4500 τώ
171 4449 499 4588 πνθρὸλέῗάὸωῖεεὴῖαω
519 4520 536 4575 l.
549 4537 571 4576 s.
584 4536 606 4575 s.
626 4537 653 4590 p.
666 4519 717 4574 251
737 4519 830 4574 adul
851 4523 881 4574 et
899 4536 926 4590 p.
938 4519 992 4574 262
1010 4519 1075 4573 adn.
1090 4518 1114 4573 1.
