3190 4944
665 248 883 306 ..19-

133 425 241 482 horum
264 425 400 485 locorum
424 443 462 483 ex
484 426 553 500 ipso
576 425 742 484 Aristotele
766 425 932 483 doctrinam
956 442 1024 484 esse
1048 425 1192 484 haustam
1216 426 1317 498 negat.
1356 425 1416 484 Sed

134 515 273 589 equidem
305 514 407 573 iudico
430 514 640 590 Peripateticis
672 531 738 574 earn
762 514 871 572 deberi.
918 514 1066 589 Imprimis
1099 514 1128 570 in
1152 513 1327 582 Aristonici,
1363 514 1415 590 qui
1519 589 1522 596 Ι

133 604 194 661 fuit
217 603 342 662 saeculo
366 622 393 661 a.
411 603 474 661 Chr.
491 622 519 661 n.
544 605 649 679 primo,
682 603 767 661 libris
792 603 828 660 de
860 603 956 678 signis
979 602 1145 661 Homericis
1169 603 1264 662 verba
1291 603 1345 660 illa
1367 604 1414 661 in-

134 692 305 752 veniuntur.
350 692 412 751 Nec
435 692 527 750 miror
548 693 579 749 in
603 692 758 751 Plutarchi
781 693 937 768 personati
961 691 1046 761 libro,
1081 692 1133 767 qui
1165 695 1213 749 est
1235 691 1272 749 de
1295 692 1362 750 vita
1385 693 1416 750 et

134 781 221 857 poesi
249 781 370 840 Homeri
400 782 476 852 haec
507 782 621 856 scripta
652 785 773 839 exstare
797 777 817 860 ξ
840 781 880 840 57
906 779 975 858 (νοΙ.
992 781 1045 838 VH
1067 799 1095 856 p.
1113 780 1177 839 364
1200 780 1415 858 Bemadakislt

134 866 199 930 ἀπὸ
223 866 287 948 γὰρ
306 873 362 931 τοῦ
387 868 616 950 διηγηματικοῢ
639 867 812 950 μετέβαλον
843 869 887 937 εἰς
913 866 949 930 τὸ
976 866 1154 949 μιμητικόν.
1187 866 1241 929 καὶ
1271 867 1304 929 ἐν
1327 867 1415 948 αὐτῷ

134 956 169 1019 δὲ
191 962 238 1038 τῷ
262 956 481 1038 διηγηματικῷ
502 957 654 1026 πολλάκις
676 963 788 1038 χρῆται
809 962 847 1039 τῇ
871 957 1060 1040 ἀποστροφῇ
1078 1005 1084 1018 .
1103 1005 1109 1018 .
1126 1005 1133 1018 .
1150 955 1227 1018 ἀλλὰ
1243 955 1298 1018 καὶ
1313 956 1346 1018 ἒν
1369 962 1415 1038 τῷ

132 1051 295 1127 μιμητικῷ
318 1045 504 1128 χρῆταικαὶ
526 1045 686 1128 μειαβολῇ
708 1051 774 1108 τῶν
796 1046 992 1127 προσώπων.

242 1137 358 1196 Similia
380 1138 577 1196 inveniuntur
599 1139 631 1195 in
653 1138 838 1212 tragicorum
854 1155 976 1213 quoque
1000 1137 1135 1196 scholiis.
1170 1136 1307 1211 Conlegit
1329 1137 1415 1195 locos
1521 1141 1526 1148 '

133 1228 169 1286 A.
193 1226 485 1301 Trendelenburgius
517 1227 548 1284 in
579 1226 795 1284 dissertatione
830 1244 899 1295 sua,
935 1244 1014 1302 quae
1045 1226 1220 1284 inscribitur
1251 1226 1414 1284 Grammat

133 1316 239 1373 Graec.
264 1316 300 1373 de
324 1318 389 1374 arte
412 1316 529 1389 tragica
551 1316 641 1374 indic.
664 1316 725 1383 rel,
751 1313 895 1393 p.139.1)
933 1315 1109 1374 Aristotelis
1132 1319 1235 1373 autem
1259 1315 1414 1390 bipartitio

133 1406 267 1462 aetatem
290 1404 362 1462 tulit
383 1405 415 1462 in
438 1404 660 1481 prolegomenis
683 1404 872 1480 Aeschyleis,
904 1404 935 1462 id
964 1404 1046 1480 quod
1070 1404 1293 1462 demonstravit
1315 1404 1413 1461 Immi-

134 1494 239 1552 schius
262 1493 281 1552 l.
298 1512 322 1552 s
340 1513 364 1552 s.
388 1512 416 1569 p.
433 1494 507 1552 262.
1211 1557 1212 1560 Ἴ

239 1583 273 1640 ln
296 1582 421 1641 scholiis
445 1583 679 1659 Aristophaneis
703 1583 891 1642 adnotantur
915 1581 954 1640 ad
970 1582 1212 1640 Acharnensium
1234 1582 1299 1642 v.9
1324 1582 1414 1640 haec:

130 1668 360 1751 τραγῳδικόν·
383 1669 460 1749 (ἀντὶ
490 1675 546 1732 τοῦ
578 1670 731 1750 ἐμπαθές)
754 1718 760 1731 .
781 1669 906 1749 ἐπείπερ
935 1668 992 1730 καὶ
1018 1669 1038 1750 ἦ
1066 1668 1226 1750 τραγῳδία
1257 1668 1416 1750 ἐμποδῶν

131 1757 331 1839 πραγμάτων
346 1758 555 1840 ἀπαγγελτική
574 1777 580 1790 ·
598 1760 627 1840 (ἢ
652 1758 718 1821 ἐπεὶ
736 1758 806 1838 περὶ
822 1757 1011 1840 τραγῳδιῶν
1025 1756 1130 1839 μέλλει
1152 1756 1298 1838 teperet&
1322 1762 1353 1818 et
1376 1761 1416 1817 ad

134 1850 246 1908 Avium
261 1868 290 1909 v.
307 1850 385 1909 918:
408 1847 523 1910 κύκλιά
545 1871 577 1909 τε
591 1847 705 1910 πολλά;
732 1845 776 1909 Τὰ
799 1846 855 1929 τὴν
878 1845 977 1928 αὐτὴν
999 1846 1153 1909 ὑπόδεσιν
1176 1847 1297 1928 ἔχοντα,
1320 1851 1416 1908 ταῦτα

133 1935 247 1998 κύκλια
264 1936 389 2017 ἔλεγον.
406 1936 472 1998 ἀντὶ
495 1941 550 1999 τοῦ
575 1938 595 1998 ἃ
619 1937 652 1998 αἱ
665 1935 823 2017 παρθένοι
845 1934 926 2018 ᾖδον
939 1984 948 1997 .
962 1935 1075 1998 κύκλια
1092 1935 1127 1998 δὲ
1142 1935 1311 1998 καλοῦνται
1325 1935 1414 2017 μέλη.

132 2023 170 2086 τὰ
195 2026 430 2107 ἑπεκτεταμένα,
455 2026 517 2088 ἔστι
540 2024 575 2088 δὲ
600 2023 941 2108 διηγηματικόνδ)

241 2116 376 2176 Transeo
412 2117 450 2174 ad
481 2117 646 2175 Romanos.
700 2116 744 2174 Ac
775 2117 903 2193 primum
934 2116 1150 2192 Porphyrionis
1185 2115 1224 2174 ad
1254 2117 1415 2175 Horatium

134 2206 351 2264 adnotationes
368 2209 441 2263 sunt
456 2206 638 2264 afferendae.
674 2206 825 2280 Scriptum
841 2206 918 2263 enim
933 2202 1091 2283 legimus4)
1115 2205 1154 2262 ad
1178 2223 1265 2274 serm.
1281 2206 1304 2274 Ι,
1318 2206 1348 2275 4,
1362 2205 1415 2264 14;

135 2295 250 2371 Gaccipe
274 2295 301 2352 si
324 2296 373 2354 vis
397 2293 576 2370 ‘accipiam'z
600 2293 735 2353 ‘tabulas
759 2293 955 2370 accipiamus’
980 2295 1032 2352 ait.
1057 2294 1259 2352 mimetico
1284 2297 1415 2353 autern

135 2384 346 2442 charactere
370 2388 586 2460 provocantem
610 2382 650 2441 ad
674 2384 865 2442 scribendum
889 2383 1060 2458 Crispinum
1084 2382 1237 2442 ostendit’.
1265 2384 1304 2441 ad
1328 2401 1415 2444 serm.

134 2472 156 2540 Ι,
171 2473 200 2541 4,
213 2472 268 2530 34:
292 2473 405 2549 ‘fenum
421 2473 514 2531 habet
536 2473 567 2530 in
590 2491 684 2531 cornu
706 2473 794 2548 longe
810 2473 917 2546 iugetr.
935 2472 1152 2530 imitativo
1177 2472 1415 2530 charactere

133 2561 192 2618 hoc
207 2561 296 2635 lingit
312 2579 380 2619 eum
396 2562 502 2629 dicere,
522 2562 573 2638 qni
594 2565 632 2621 ob
657 2562 874 2621 conscientiam
890 2564 1083 2637 peccatorum
1106 2562 1213 2622 timeat
1235 2561 1415 2619 maledicum

134 2649 276 2725 poetam.
294 2651 331 2707 ad
349 2669 435 2709 serm.
451 2652 471 2721 Ι,
483 2651 554 2720 9,1;
575 2654 684 2727 ‘totum
699 2652 779 2709 hunc
796 2668 966 2709 sermonem
982 2651 1183 2708 dramatico
1201 2651 1415 2709 charactere

135 2739 252 2797 alterno
284 2757 421 2798 sermone
453 2739 572 2798 variat'.
605 2741 653 2799 ad.
677 2740 950 2810 serm.ll,3‚187:
982 2738 1030 2797 ‘ne
1062 2740 1131 2814 quis
1162 2739 1308 2798 humasse
1331 2739 1414 2797 velit.

134 2825 354 2898 adnotandum,
385 2830 466 2904 quod
490 2828 729 2902 dialogicon
751 2830 831 2887 iecit.
856 2828 1024 2886 introduxit
1047 2829 1125 2887 enim
1149 2829 1299 2903 quendam
1323 2828 1414 2886 alter-

135 2921 254 2975 cantem
285 2935 353 2975 cum
380 2920 613 2992 Agamemnone,
646 2920 681 2976 ut
711 2919 834 2977 doceret
863 2919 1002 2976 saniores
1035 2936 1103 2978 esse
1137 2936 1199 2986 eos,
1230 2918 1282 2992 qui
1314 2917 1415 2976 insani

135 3006 284 3074 videntur,
318 3007 381 3074 his,
420 3024 498 3083 quos
531 3025 625 3065 sanos
657 3007 822 3083 putamus?
841 3008 893 3064 'ad
925 3025 1012 3066 serm.
1036 3007 1073 3075 Il,
1092 3008 1165 3076 7‚1:
1196 3005 1271 3064 ‘lam
1302 3007 1416 3065 dudum

135 3095 287 3154 ausculto.
311 3096 386 3153 haec
402 3113 455 3170 per
475 3093 655 3176 ordtoyovtl
671 3097 772 3154 habet.
796 3097 931 3171 loquitur
954 3097 1033 3154 enim
1056 3114 1124 3154 curn
1145 3113 1232 3154 servo
1249 3094 1415 3154 Horatius?

135 3184 183 3243 ad.
208 3185 295 3260 epist.
319 3185 475 3254 Ι,18,28;
508 3183 550 3242 ‘et
573 3186 618 3242 ait
640 3203 734 3260 prope
756 3203 839 3245 vera.
862 3187 946 3254 hene,
981 3186 1061 3261 quod
1094 3185 1187 3244 stulte
1211 3184 1297 3243 dives
1321 3185 1358 3242 de
1382 3203 1415 3243 se

243 3324 261 3390 ¹)
281 3322 318 3376 ci.
337 3322 493 3377 Usenerum
511 3322 528 3376 l.
542 3338 563 3377 s.
577 3339 597 3376 s.
617 3339 643 3392 p.
656 3322 710 3376 616
728 3322 791 3376 adn.
804 3322 830 3376 2.

243 3393 262 3460 *J
281 3395 316 3448 cf.
337 3394 452 3448 Suidam
471 3411 492 3447 s.
506 3411 533 3446 v.
552 3389 722 3464 τραγῳδικόν.

243 3466 262 3533 ³)
281 3465 420 3519 Maximus
438 3465 579 3519 Planudes
598 3465 671 3519 hanc
691 3465 778 3519 habet
796 3464 1006 3534 bipertitionem
1026 3464 1055 3519 in
1073 3463 1189 3518 scholiis
1207 3458 1242 3520 εἷς
1260 3460 1337 3517 ἰδεῶν
1353 3483 1414 3533 vop.

135 3533 173 3604 β’.
193 3535 281 3589 vol.V
300 3552 327 3605 p.
340 3537 401 3605 554,
411 3536 447 3590 22
456 3535 514 3590 W.:
532 3541 581 3588 τοῦ
598 3542 774 3607 πανηγυρικοῦ
790 3533 822 3588 sd
840 3537 890 3603 μέν
908 3533 978 3588 ἐστιν
995 3533 1141 3601 ποιητικόν,
1159 3533 1191 3588 ἰδ
1204 3531 1233 3587 δὲ
1245 3533 1273 3588 ἐν
1285 3533 1416 3605 ζητήμασι

134 3602 287 3692 πολιγιιιοῖς,
306 3604 337 3659 τδ
358 3603 385 3658 δὲ
403 3604 431 3658 ἐν
448 3603 517 3694 λέξρι
534 3607 602 3678 πεζῗ
621 3608 667 3696 ε’ῑς
685 3604 723 3694 cpi
742 3605 929 3676 δμοιβαῖον
948 3602 1155 3693 δγαιρεῖται,
1174 3604 1190 3658 δ
1207 3611 1264 3658 καὶ
1283 3603 1415 3678 δραμα-

135 3696 263 3830 mwfl
271 3673 598 3814 zmegteppntxlppffl
615 3678 1095 3820 εδδρταλλἰδαφλλιδλομδιοέδλαλναιαίἰοι.
1115 3748 1229 3820 quidam
1242 3751 1415 3827 putaverunt

135 3819 304 3890 vepallidam
324 3837 398 3874 nunc
416 3837 502 3875 unam
514 3825 624 3890 partem
644 3821 778 3875 orationis
798 3837 859 3875 esse
875 3826 908 3874 ut
920 3821 1062 3890 Vegrendi
1080 3822 1180 3876 subere
1199 3824 1319 3886 coctum,
1340 3821 1415 3890 quod

135 3891 177 3946 ait
189 3891 302 3946 Persius
315 3891 441 3954 Flaccus
460 3896 494 3946 ut
505 3891 647 3960 significet
658 3890 751 3946 ‘valde
764 3890 884 3963 pallida',
903 3892 952 3946 sed
965 3892 1034 3946 mihi
1047 3892 1157 3946 videtur
1172 3908 1213 3946 ve
1231 3892 1414 3947 imitativo

136 3961 350 4017 charactere
374 3962 489 4028 dictum,
518 3967 551 4017 ut
574 3964 622 4018 illa
645 3964 811 4033 perturbata
836 3964 930 4018 mariti
955 3964 1079 4018 adventu
1105 3964 1180 4018 hano
1202 3963 1415 4018 lamentationis

135 4049 236 4157 copem
249 4032 392 4159 pgoieplat}
420 4031 485 4158 Hocl
499 4035 1201 4161 ame-¹1¹}{smmis}imitffitivun}a¹i⁰³qhi·¹}i⁰tur
1224 4051 1309 4090 sensu
1328 4038 1415 4106 atque

136 4121 168 4159 ce
183 4121 237 4158 ens
280 4122 311 4158 or
372 4120 457 4159 rioms
486 4122 571 4159 ocrsr
594 4123 611 4159 u
649 4122 829 4171 mrmerenm
868 4123 947 4160 rama
960 4124 1044 4172 mum,
1062 4123 1124 4161 snm
1146 4123 1171 4161 a.

243 4176 262 4245 ⁶)
284 4122 373 4247 [AHrH]
394 4176 431 4230 ad
449 4176 547 4259 Horat:
567 4194 647 4259 serm.
660 4177 756 4260 1⁸1,3‚1
776 4179 832 4266 vpl.
846 4178 872 4260 ΙΙ
889 4194 916 4260 p.
926 4177 982 4260 Ι137
1002 4178 1045 4260 ed.
1063 4179 1157 4262 Keller
1175 4178 1310 4260 adnotat:
1330 4178 1416 4261 ‘Haec

133 4248 932 4392 §zttfrllhhitinitiabili..itt
950 4250 1367 4391 lttthgslliltlttth
1381 4266 1416 4375 t}

135 4405 258 4460 persona
281 4389 483 4460 interrogantis
507 4389 634 4445 inducit?
672 4391 801 4446 Ceterum
826 4393 932 4447 scholia
956 4393 986 4446 in
1008 4391 1156 4446 Horatium
1179 4393 1340 4448 vetustiora
1364 4394 1416 4446 sub

135 4459 256 4524 licronis
274 4463 388 4516 nornine
406 4462 513 4517 tradita
531 4463 654 4517 maxima
673 4479 708 4516 ex
721 4466 802 4534 parte
821 4480 883 4520 esse
902 4463 1049 4517 referenda
1067 4462 1103 4516 ad
1119 4463 1263 4518 Helenium
1275 4461 1415 4518 Acronem

135 4533 294 4602 nuperrime
313 4534 519 4589 demonstravit
537 4534 743 4589 Groffunderus
760 4535 789 4594 in
808 4551 879 4589 mus
898 4535 988 4594 Rhen.
1009 4535 1064 4590 vol.
1078 4533 1133 4590 LX.
1147 4533 1235 4603 (1905)
1254 4552 1280 4605 p.
1296 4534 1415 4604 128sqq.

1222 4622 1255 4676 2'
