3190 4944
652 281 876 338 ..37-

120 458 204 532 apud
227 456 407 532 Dionysium
424 456 584 526 Halicarn.,
610 475 698 533 quem
715 475 753 516 ex
768 457 969 533 Theophrasti
985 458 1123 516 doctrina
1135 459 1267 533 pendere
1282 457 1406 517 Rabeus

120 546 140 604 l.
158 565 181 604 e.
199 564 223 606 ο.
248 547 365 621 passim
389 546 617 614 demonstravit,
643 547 674 603 in
699 563 734 604 eo
758 546 846 615 libro,
875 547 927 622 qui
955 549 1003 605 est
1030 547 1067 606 de
1095 548 1315 622 compositione
1338 565 1409 605 ver-

120 636 228 702 borum
254 653 277 694 o.
297 636 323 693 l.
347 653 375 710 p.
396 635 426 704 4,
453 635 472 694 6
501 635 546 693 ed.
569 634 851 697 Usener-Raderm:
889 632 998 715 Διττῆς
1025 632 1085 714 γὰρ
1113 634 1213 715 οὔσης
1240 635 1408 716 ἀσκήσεως

119 721 193 801 περὶ
215 722 335 790 πάντας
358 721 404 790 ὡς
427 723 522 784 εἰπεῖν
544 720 618 790 τοὺς
637 721 762 801 λόγους,
785 727 840 804 τῆς
862 721 993 802 περὶτὰ
1017 723 1159 804 νοήματα
1183 723 1237 784 καί
1259 729 1313 805 τῆς
1329 722 1408 804 περί

120 810 157 872 τά
182 810 333 892 ὀνόματα,
358 807 406 873 ὧν
428 811 448 892 ἡ
471 810 532 892 μὲν
558 817 621 874 τοῦ
645 816 910 893 πραγματικοῦ
931 811 1048 874 τόπου
1075 811 1195 892 μᾶλλον
1211 811 1408 892 ἐφάπτεσθαι

121 899 242 972 δόξειεν
253 900 302 971 ἄν,
315 900 334 981 ἡ
348 899 387 962 δὲ
401 905 466 962 τοῦ
483 899 664 962 λεκτικοῦ.
673 900 694 979 ¹)
723 903 839 961 Similia
851 906 961 972 autem,
976 905 1012 960 ut
1023 903 1062 961 ad
1074 904 1230 961 Romanos
1241 906 1404 971 transeam,

121 991 319 1049 inveniuntur
341 991 422 1065 apud
447 996 601 1049 auctorem
625 993 664 1048 ad
680 992 861 1053 Herennium
885 992 934 1051 lib.
952 993 1002 1061 IV,
1029 993 1077 1060 13,
1099 992 1152 1050 18:
1177 991 1326 1068 cDignitas
1348 996 1404 1060 est,

120 1098 201 1156 quae
217 1080 315 1138 reddit
331 1083 469 1138 ornatam
487 1081 655 1141 orationem
671 1081 820 1140 varietate
837 1081 1036 1156 distinguens.
1067 1081 1195 1138 Haecin
1215 1083 1406 1138 verborum

121 1172 157 1226 et
185 1169 221 1226 in
249 1170 516 1227 sententiarum
552 1161 803 1254 exornatione<s)
839 1170 992 1229 dividitur.
1046 1171 1211 1229 Verborum
1247 1169 1406 1228 exornatio

120 1261 178 1326 est,
205 1276 283 1333 quae
307 1258 405 1333 ipsius
421 1259 568 1316 sermonis
585 1259 731 1334 insignita
747 1259 919 1317 continetur
933 1259 1143 1335 perpolitione.
1182 1259 1406 1316 Sententiarum

120 1347 281 1405 exornatio
306 1349 362 1414 est,
389 1365 467 1422 quae
491 1365 559 1406 non
588 1349 623 1405 in
654 1349 793 1414 verbis,
827 1349 889 1406 sed
920 1349 957 1406 in
987 1348 1081 1424 ipsis
1113 1349 1221 1406 rebus
1253 1349 1406 1423 quandam

120 1437 215 1494 habet
238 1435 434 1510 dignitatem.³
480 1437 613 1494 Eandem
637 1440 739 1495 autem
763 1437 955 1512 partitionem
979 1442 1071 1512 atquc
1098 1436 1129 1494 in
1156 1438 1291 1495 tractatu
1315 1435 1406 1494 Coisl.

120 1525 252 1583 inveniri
274 1527 403 1600 apparet
426 1527 456 1582 et
478 1527 559 1599 apud
584 1526 757 1585 Ciceronem
781 1530 812 1583 et
834 1527 914 1601 apud
933 1526 1150 1597 Quintilianum
1174 1526 1218 1583 eis
1242 1526 1329 1593 locis,
1354 1525 1406 1584 ubi

121 1615 225 1689 agitur
248 1614 284 1674 de
308 1614 426 1672 ridiculi
449 1612 649 1692 generibus.⁹)
1278 1660 1282 1668 .

230 1703 298 1760 dam
337 1703 377 1761 ad
415 1704 537 1778 singula
570 1703 688 1762 ridiculi
723 1712 835 1778 genera
871 1707 1076 1772 transeamus,
1113 1722 1192 1780 quae
1230 1704 1405 1761 accuratius

120 1794 195 1866 post
217 1791 378 1866 Bernaysii
402 1795 432 1850 et
455 1793 573 1850 Arndtii
602 1793 875 1851 commentationes
906 1796 1071 1851 retractare
1103 1793 1175 1850 mihi
1206 1811 1266 1851 non
1298 1796 1346 1851 est
1376 1793 1407 1849 in

121 1882 232 1938 animo.
262 1881 321 1939 Sed
345 1899 412 1939 cum
435 1882 493 1940 viri
521 1883 603 1940 docti
631 1900 692 1940 non
721 1883 823 1940 omnia
850 1883 922 1939 mihi
950 1883 1116 1941 videantur.
1142 1882 1336 1950 exhausisse,
1370 1882 1406 1939 de

119 1969 328 2044 compluribus
351 1971 512 2044 generibus
536 1971 635 2028 denuo
660 1988 757 2044 agam.
782 1972 882 2045 Atque
905 1972 1033 2045 primum
1049 1971 1171 2046 quidem
1193 1969 1406 2050 παρανομίαν

119 2059 271 2126 tractabo.
303 2059 389 2129 Quod
412 2059 596 2118 vocabulum
619 2061 651 2116 in
677 2062 813 2118 tractatu
837 2060 928 2119 Goisl.
952 2060 1057 2119 eodem
1088 2078 1157 2118 esse
1189 2078 1284 2118 sensu
1316 2077 1406 2118 usur-

120 2150 228 2223 patum
252 2151 344 2222 atque
368 2149 450 2223 apud
466 2149 658 2207 Aristotelem
678 2147 878 2227 παρώνυμος
894 2152 924 2206 et
938 2146 1196 2227 παρωνυμιάζειν
1219 2158 1299 2206 recte
1315 2151 1407 2223 negat

120 2237 268 2294 Arndtius
292 2237 310 2295 l.
327 2255 351 2294 s.
369 2255 392 2295 ε.
416 2255 444 2311 p.
465 2237 504 2294 10
529 2255 594 2313 sqq.
635 2238 693 2295 Sed
718 2238 770 2295 alii
794 2241 935 2296 auctores
951 2255 1006 2314 pro
1021 2236 1216 2316 παρωνυμίσ
1233 2238 1406 2297 scribebant

117 2323 352 2404 παρονομασία.
390 2325 495 2401 Neque
519 2328 597 2385 enim
621 2330 722 2384 certus
748 2330 814 2385 erat
836 2345 922 2384 usus.
945 2327 1048 2385 Veluti
1070 2327 1101 2385 in
1124 2327 1254 2403 Aquilae
1276 2327 1406 2385 Romani

120 2415 207 2472 libris
228 2415 445 2490 manuscriptis
462 2412 481 2495 ξ
496 2415 546 2476 27.
564 2416 709 2490 scriptum
729 2415 857 2490 legimus
881 2415 1081 2492 cparonymia’
1107 2417 1154 2474 vel
1179 2411 1404 2492 cparonimia’.³l

119 2503 224 2578 Neque
248 2521 321 2562 vero
346 2508 402 2573 est,
429 2521 482 2562 eur
511 2510 663 2563 mutemus
695 2504 770 2562 illud
801 2505 832 2562 in
856 2504 1103 2581 paronomasia.
1150 2504 1302 2580 Scriptum
1327 2504 1407 2562 enim

118 2591 250 2666 legimus
273 2593 304 2650 in
324 2593 478 2651 Plutarchi
501 2593 697 2672 συγκρίσεως
711 2590 966 2672 Ἀριστοφάνους
987 2591 1041 2654 καὶ
1060 2590 1256 2671 Μενάνδρου
1272 2595 1407 2669 epitoma

118 2681 181 2739 vol.
197 2681 232 2741 V.
256 2699 283 2755 p.
301 2682 374 2741 203.
397 2683 537 2741 Bernad.:
572 2679 709 2762 καὶγὰρ
734 2681 751 2742 ὁ
773 2681 834 2762 μὲν
856 2681 1084 2750 ἀπαίδευτος
1107 2681 1161 2743 καί
1191 2680 1326 2761 ἰδιώτης,
1359 2679 1406 2748 οἷς

119 2768 241 2836 ἐκεῖνος
255 2767 343 2848 λέγει,
368 2767 544 2831 ἁλίσκεται·
561 2769 580 2831 ὁ
597 2769 631 2832 δὲ
653 2770 959 2850 πεπαιδευμένος
983 2769 1201 2851 δυσχερανεῖά)
1218 2769 1301 2850 λέγω
1318 2767 1405 2832 δὲτὰ

118 2856 265 2919 ἀντίθετα
289 2857 343 2919 καὶ
366 2857 568 2938 ὁμοιόπτωτα
591 2858 645 2920 καί
668 2860 927 2941 παρωνυμίας.
972 2861 1077 2936 Neque
1101 2880 1173 2920 vero
1197 2879 1263 2919 meo
1292 2861 1405 2919 iudicio

119 2948 221 3006 adhuc
253 2948 331 3006 satis
364 2951 412 3006 est
440 2951 519 3008 ratio
550 2950 659 3008 habita
688 2952 849 3009 verborum
879 2950 999 3008 illorum
1029 2947 1117 3029 παρὰ
1148 2948 1321 3030 πρόσθεσιν
1351 2946 1406 3009 καί

117 3035 296 3116 ἀφαίρεσιν.
342 3038 425 3095 Ηοεο
449 3039 527 3096 enim
557 3038 754 3097 inveniuntur
781 3040 861 3114 apud
890 3042 1045 3098 auctorem
1073 3043 1112 3097 ad
1135 3040 1263 3098 Herenn.
1286 3040 1337 3099 lib.
1354 3039 1403 3107 iv,

120 3126 173 3191 21,
201 3126 252 3193 29,
287 3127 338 3184 ubi
367 3127 575 3186 adnominatio
607 3131 771 3188 tractatur:
804 3129 858 3204 ‘Ea
882 3127 956 3205 (scil.
989 3127 1207 3205 adnominatio)
1238 3129 1343 3186 multis
1375 3131 1407 3186 et

118 3215 215 3272 variis
231 3215 402 3273 rationibus
420 3217 580 3274 conficitur
603 3259 633 3276 ..
651 3261 681 3275 ..
704 3217 858 3276 Addendis
875 3217 984 3276 litteris
1007 3262 1038 3276 ..
1056 3261 1086 3276 ..
1109 3218 1275 3276 Demendis
1295 3216 1404 3276 litteris

119 3348 200 3363 ....
227 3304 456 3363 Transierendis
479 3305 589 3364 litteris
717 3306 946 3366 Commutandis
973 3306 1102 3366 litteris?
1148 3308 1181 3364 ln
1205 3307 1270 3364 eius
1301 3309 1405 3365 autem

229 3441 248 3510 ¹)
268 3441 304 3497 of.
323 3441 449 3511 Dionysii
472 3441 610 3496 Halicarn.
630 3444 872 3508 commentarium,
892 3460 973 3514 quem
993 3443 1028 3497 ad
1049 3445 1080 3512 Q.
1100 3443 1209 3499 Aelium
1228 3442 1404 3498 Tuberonem

119 3511 157 3566 de
183 3511 349 3582 Thucydide
373 3513 487 3583 scripsit
505 3512 566 3567 810.
585 3531 612 3584 p.
636 3513 697 3576 325,
723 3514 748 3568 6.
774 3531 815 3585 sq.
842 3515 885 3569 ed.
911 3515 1174 3570 Usener-Raderm:
1201 3514 1274 3570 τίνος
1298 3512 1406 3569 ἔποπος

118 3583 208 3635 αὐτῶν
226 3576 374 3653 εἰσφέρεται
391 3582 637 3653 πραγματικάς
659 3604 697 3637 τε
720 3589 778 3636 καὶ
801 3582 1079 3655 λεκτικοὶεᾶρετοίε,
1099 3586 1276 3640 demittit.
1291 3587 1323 3640 ll.
1338 3586 1403 3656 epit.

121 3671 146 3708 ο.
158 3654 184 3709 3.
203 3671 230 3724 p.
244 3653 286 3707 22.
306 3655 433 3710 Usener:
453 3659 521 3722 ΥΤῶν
538 3657 630 3722 μέντοι
648 3659 815 3726 συγγραφέων
829 3654 978 3728 Ἡρόδοτος
994 3656 1044 3725 μὲν
1061 3655 1226 3727 ἐξείργασται
1243 3655 1349 3726 βέλτιον
1366 3655 1403 3709 τὸ

117 3723 366 3796 πραγματικὸν
384 3721 549 3794 alderti)
573 3723 608 3778 δὲ
625 3724 767 3796 λεκτικῷ
786 3727 852 3782 ποτὲ
869 3727 919 3795 μὲν
936 3724 1086 3781 πλεονεκτεῖ
1103 3725 1262 3794 Θουκυδίδης,
1280 3732 1343 3800 περὶ
1360 3735 1405 3795 τῆς

119 3797 308 3864 Δημοσθένους
325 3794 416 3859 λέξεως
434 3799 486 3852 sub
505 3798 591 3853 finem
611 3800 666 3853 vol.
679 3800 698 3852 Ι.
719 3817 744 3870 p.
758 3799 818 3854 252.
838 3799 881 3854 ed.
900 3799 1100 3865 naamam„
1120 3800 1241 3870 saepius.

230 3869 252 4002 ζχ
271 3869 307 3993 οξ.
327 3868 476 3992 ἓτρὲάαω
495 3870 554 3994 ihst
574 3887 599 3994 sb
614 3886 640 3994 ρ.
654 3871 697 3953 2⁸:
718 3873 748 3924 et
766 3870 849 3996 pega

228 4010 247 4079 ⁴1
268 3956 337 4064 (ctum
353 3957 564 4092 λιίεῗὲλλλτλτάω
583 3957 777 4094 τδελιίίῖηδιαδο
796 3981 894 4067 M'arxii
913 4013 1060 4067 admonitu
1078 4013 1195 4084 inspexi,
1215 4015 1404 4084 comparanda

119 4086 189 4135 sunt
208 4097 250 4145 ea,
270 4097 343 4151 quae
361 4085 467 4178 scripta
486 4086 601 4136 exstant
619 4084 647 4138 in
665 4083 731 4138 Eth.
744 4084 849 4138 Nreom.
869 4101 895 4154 p.
912 4084 981 4138 1128
999 4102 1017 4139 a
1028 4084 1066 4138 4.;
1086 4079 1115 4136 οἱ
1128 4083 1179 4151 μὲν
1196 4079 1241 4137 οὖν
1258 4091 1295 4154 τῷ
1313 4082 1404 4154 γελοίῳ

118 4148 325 4223 ὖττερβάλλσντες
336 4149 483 4221 βωμολόχοι
496 4149 616 4207 δοκοῦσιν
628 4150 694 4207 εἶναι
706 4158 750 4206 καὶ
763 4156 891 4225 φορτικοί,
904 4152 1051 4224 γλιχόμενοι
1062 4153 1168 4211 πάντως
1176 4161 1224 4208 τοῦ
1231 4153 1343 4226 γελοίου,
1358 4160 1403 4209 καὶ

118 4219 222 4292 μᾶλλον
240 4221 428 4292 στοχαζόμενοι
444 4228 492 4276 τοῦ
508 4221 609 4293 γέλωτα
626 4232 735 4292 ποιῆσαι
752 4227 771 4293 ἢ
787 4231 835 4278 τοῦ
858 4224 941 4295 λέγειν
965 4223 1109 4294 εὐσχήμονα
1131 4231 1176 4279 κοιλ
1193 4229 1231 4295 μὴ
1249 4225 1338 4281 λυπεῖν
1355 4227 1403 4281 τὸν

119 4291 314 4362 σκοπεύμενον.
352 4297 446 4367 Atque
464 4296 509 4350 lin.
524 4295 560 4350 20
571 4313 631 4368 sqq.
653 4299 744 4368 planis
769 4298 861 4352 verbis
886 4299 1052 4353 Aristoteles
1077 4301 1202 4353 veterem
1228 4301 1403 4354 comoediam

120 4366 259 4488 εθραδίαλ,
279 4382 343 4419 eum
362 4366 452 4421 dicat:
472 4365 489 4434 ἦ
506 4373 554 4419 τοῦ
572 4365 720 4438 ἐλευθερίου
736 4365 833 4421 παιδιὰ
851 4365 970 4438 διαφέρει
987 4371 1032 4436 τῆς
1049 4375 1097 4422 τσῦ
1115 4367 1339 4442 ἀνδραποδώδους,
1358 4373 1403 4423 καὶ

120 4454 140 4487 α

119 4507 372 4578 Peripateticorum
392 4509 549 4565 doctrinam
561 4515 691 4582 spectare
700 4512 769 4566 mihi
781 4512 902 4568 videtur.
931 4511 968 4568 ct.
979 4513 1112 4568 Demetrii
1126 4514 1269 4584 personati
1281 4513 1403 4568 libellum

118 4581 182 4648 περὶ
201 4578 338 4650 ἑρμηνείαις
356 4580 513 4652 §1711172
534 4585 564 4638 et
581 4583 730 4638 Arndtium
748 4584 766 4640 l.
785 4600 807 4638 s.
826 4601 848 4638 s.
867 4602 894 4655 p.
907 4584 950 4639 22.

185 4442 250 4488 τοῦΙ
265 4434 536 4507 πεπαιδευμένου
561 4443 618 4492 καὶ
643 4437 854 4492 ἀπαιδεύτου
877 4438 933 4494 κτλ.
970 4441 1070 4512 ltaque
1093 4441 1238 4497 Plutarchi
1262 4443 1341 4497 locus
1366 4443 1403 4497 ad
