3190 4944
744 211 965 292 484-

217 409 423 488 conscripto.²)
462 413 624 470 Veniamus
641 430 720 469 nunc
741 414 779 469 ad
795 413 991 480 Macrobium,
1018 414 1068 488 qui
1085 413 1116 469 in
1132 413 1347 472 Saturnalibus
1366 415 1400 483 V,
1427 415 1453 482 1,
1477 417 1493 472 7

217 502 402 559 haecdicit:
427 501 589 576 ‘Quattuor
612 503 691 568 sunt,
724 502 823 576 inquit
847 503 1006 571 Eusebius,
1031 519 1142 576 genera
1166 503 1298 560 dicendi:
1327 503 1492 578 copiosum,

217 591 247 648 in
265 607 325 666 quo
342 591 443 648 Cicero
461 590 647 648 dominatur:
673 591 770 656 breve,
796 591 828 647 in
850 608 910 666 quo
928 591 1094 649 Sallustius
1118 594 1240 666 regnat:
1265 592 1388 659 siceum,
1416 593 1495 667 quod

217 679 361 738 Frontoni
395 679 593 737 adscribitur:
629 681 739 754 pingue
773 683 804 737 et
837 680 992 744 floridum,
1029 681 1059 736 in
1096 697 1155 755 quo
1187 680 1304 739 Plinius
1337 681 1495 739 Secundus

217 769 369 843 qnondam
401 772 431 826 et
455 785 534 825 nuno
557 767 640 825 nullo
664 772 800 826 veterum
824 769 922 826 minor
952 774 1057 826 noster
1080 769 1281 844 Symmachus
1305 769 1495 828 luxuriatur?

217 858 332 928 Quibus
365 875 402 914 ex
432 858 533 915 verbis
565 875 666 931 pauca
689 859 874 932 respondent
904 857 971 915 loco
999 858 1039 915 illi
1065 858 1226 916 Diomedis.
1274 858 1350 915 Illud
1374 856 1496 937 βραχύς

211 947 256 1003 ad
280 946 426 1004 Macrobii
456 947 547 1004 breve
570 963 665 1019 genus
698 947 829 1013 dicendi,
861 947 934 1004 illud
968 944 1114 1028 ἀνθηρόν
1145 948 1183 1004 ad
1207 947 1353 1005 Macrobii
1385 949 1496 1023 pingue

216 1040 308 1110 atque
323 1036 466 1093 floridum
482 1053 550 1092 esse
566 1035 753 1093 referendum
770 1037 838 1111 quis
857 1039 907 1093 est
923 1037 996 1111 quin
1012 1035 1193 1108 intellegat?
1223 1036 1280 1093 Sed
1301 1037 1497 1095 consideran-

217 1126 291 1182 dum
311 1127 366 1192 est,
401 1125 452 1198 qui
477 1125 519 1180 sit
542 1141 677 1182 conexus
711 1125 928 1186 sententiarum
957 1126 1039 1200 apud
1062 1125 1256 1183 Macrobium.
1305 1125 1394 1183 Initio
1420 1126 1496 1183 euim

216 1214 284 1271 libri
307 1214 341 1270 V.
374 1213 519 1287 scriptum
550 1212 693 1284 legimus:
726 1214 812 1289 cPost
842 1215 918 1272 haec
943 1231 1016 1292 ‘eum
1048 1213 1203 1289 paulisper
1229 1214 1379 1273 Eusebius
1413 1215 1497 1289 quie·

216 1303 327 1370 visset,
362 1319 466 1358 omnes
497 1302 575 1358 inter
606 1319 639 1358 se
671 1319 807 1360 consono
839 1320 990 1360 murmure
1013 1303 1171 1376 Virgilium
1203 1321 1264 1361 non
1296 1304 1395 1360 minus
1429 1321 1497 1362 ora-

216 1395 313 1450 torem
337 1409 428 1466 quam
453 1394 574 1465 poetam
606 1391 777 1448 habendum
801 1393 1046 1465 pronuntiabant,
1077 1392 1107 1448 in
1132 1410 1192 1466 quo
1225 1398 1255 1450 et
1278 1395 1367 1449 tanta
1389 1393 1498 1450 orandi

218 1480 379 1556 disciplina
414 1482 444 1536 et
478 1484 542 1537 tam
576 1479 704 1552 diligens
740 1481 915 1538 observatio
949 1481 1116 1538 rhetoricae
1152 1482 1228 1538 artis
1267 1481 1496 1539 ostenderetur?

218 1571 323 1644 Itaque
340 1569 542 1642 intellegimus
560 1570 596 1626 de
615 1569 735 1643 Vergilii
759 1571 826 1634 arte
840 1570 991 1627 rhetorica
1014 1570 1097 1644 apud
1112 1570 1298 1628 Macrobium
1314 1571 1381 1628 fieri
1404 1571 1498 1629 verba

218 1659 308 1716 simili
337 1659 427 1716 modo
452 1661 544 1733 atque
573 1658 653 1732 apud
677 1659 859 1716 Diomedem.
906 1655 969 1737 §a
993 1658 1068 1716 haec
1091 1660 1186 1716 verba
1214 1660 1330 1734 scripta
1352 1659 1497 1734 legimus:

219 1749 338 1824 ‘Video,
374 1747 444 1822 quid
470 1764 560 1820 agas,
594 1747 692 1822 inquit
719 1747 882 1816 Eusebius,
920 1749 991 1822 quid
1021 1748 1175 1815 intendas,
1209 1764 1269 1823 quo
1300 1745 1357 1804 me'
1378 1749 1497 1805 trahere

219 1837 350 1895 coneris:
382 1853 417 1894 eo
443 1836 567 1903 seilicet,
601 1853 661 1911 quo
693 1836 813 1894 minime
844 1837 923 1903 vole,
957 1837 996 1893 ad
1028 1837 1285 1911 comparationem
1308 1837 1445 1895 Maronis
1469 1839 1499 1894 et

218 1924 326 1983 Tullii?
378 1925 492 1982 Summi
525 1927 626 1982 autem
659 1926 801 1982 momenti
833 1943 870 1983 ea
901 1927 994 1983 verba
1025 1943 1093 1983 esse
1124 1925 1196 1982 mihi
1228 1926 1380 1994 videntur,
1420 1943 1497 2000 quae

219 2015 391 2072 Macrobius
416 2011 472 2094 §5
497 2014 622 2089 profert:
656 2014 822 2090 ‘Oratorum
846 2017 947 2072 autem
978 2031 1040 2072 non
1064 2015 1192 2090 simplex
1222 2031 1276 2072 nec
1302 2031 1365 2072 una
1388 2018 1498 2074 natura

220 2107 279 2161 est:
309 2104 362 2161 sed
386 2104 434 2160 hic
457 2104 528 2160 fluit
551 2106 582 2160 et
604 2104 761 2169 redundat,
792 2106 898 2161 contra
921 2103 970 2160 ille
993 2104 1123 2162 breviter
1147 2108 1177 2160 et
1200 2103 1375 2161 circumcise
1401 2103 1497 2161 dicere

220 2193 365 2251 adfectat:
397 2193 498 2250 tenuis
530 2193 653 2268 quidam
685 2195 715 2250 et
742 2193 842 2250 siccus
875 2197 905 2249 et
936 2190 1057 2250 sbbrius
1089 2196 1173 2250 amat
1195 2193 1347 2268 quandam
1379 2192 1497 2250 dicendi

219 2282 439 2354 frugalitatem,
477 2281 556 2339 alius
590 2282 695 2357 pingui
730 2284 760 2339 et
791 2281 948 2339 luculenta
980 2284 1011 2338 et
1040 2281 1150 2340 florida
1183 2282 1320 2339 oratione
1355 2280 1496 2340 lascivit?

219 2371 372 2428 Habemus
395 2371 487 2445 igitur
511 2370 658 2428 hocloco
687 2373 717 2428 et
739 2371 881 2428 floridum
911 2373 941 2427 et
967 2373 1059 2428 tenue
1083 2387 1178 2445 genus
1203 2370 1329 2437 dicendi,
1361 2371 1446 2445 quod
1468 2370 1497 2427 in

219 2461 367 2518 anecdoto
398 2456 543 2519 ταπεινόν
573 2463 709 2518 vocatur.
760 2459 862 2533 Pergit
891 2463 993 2518 autem
1024 2459 1210 2517 Macrobius:
1243 2459 1285 2534 ‘ln
1317 2477 1379 2534 qua
1410 2462 1497 2517 tanta

220 2549 351 2606 omniurn
369 2548 614 2606 dissimilitudine
635 2566 714 2606 unus
732 2549 853 2606 omnino
871 2549 1014 2622 Virgilius
1031 2549 1190 2615 invenitur,
1218 2548 1269 2622 qui
1293 2547 1497 2623 eloquentiam

219 2657 257 2695 ex
288 2638 369 2696 omni
400 2655 506 2710 genere
537 2638 725 2695 conflaverit.
771 2638 941 2712 Respondit
971 2637 1119 2694 Avienus:
1151 2637 1292 2711 Apertius
1320 2636 1429 2695 vellem
1453 2653 1496 2694 me

219 2729 275 2785 has
300 2727 494 2785 diversitates
519 2727 576 2785 sub
600 2743 798 2801 personarum
823 2726 968 2800 exemplis
993 2725 1135 2784 doceres?
1181 2726 1330 2800 Deinceps
1354 2729 1497 2783 secuntur

218 2816 340 2874 Eusebii
363 2817 457 2874 verba
480 2832 574 2889 supra
590 2814 694 2882 allata,
721 2816 773 2890 qui
796 2816 987 2889 paragrapho
1011 2816 1142 2890 septima
1161 2817 1290 2872 exeunte
1313 2815 1389 2872 haec
1413 2815 1496 2872 dicit:

220 2905 289 2982 ‘Sed
314 2905 394 2978 apud
418 2922 510 2962 unum
526 2904 680 2962 Maronem
705 2905 780 2962 haec
797 2906 943 2978 quattuor
958 2921 1069 2976 genera
1084 2902 1235 2978 reperies?
1273 2903 1306 2962 In
1323 2903 1367 2960 eis
1384 2908 1494 2969 autem,

220 3013 298 3069 quae
315 3002 467 3060 secuntur,
493 2994 631 3067 exempla
654 2993 826 3051 afferuntur
849 3011 885 3050 ex
901 2993 1031 3067 Vergilio
1055 2992 1177 3052 hausta.
1216 2992 1331 3062 Quibus
1356 2994 1496 3050 omnibus

220 3084 293 3141 locis
316 3082 457 3140 tractatis
482 3083 740 3140 demonstravisse
772 3083 842 3138 mihi
865 3083 971 3140 videor
993 3081 1178 3140 Macrobium
1208 3084 1353 3156 quattuor
1376 3081 1430 3138 illa
1454 3080 1496 3138 di·

219 3173 305 3230 cendi
336 3189 447 3245 genera
478 3173 583 3229 eodem
615 3172 742 3229 consilio
775 3171 916 3228 attulisse
949 3173 1042 3245 atque
1073 3170 1245 3230 Diomedem
1278 3174 1309 3228 et
1337 3172 1401 3228 tres
1429 3169 1497 3227 illos

220 3263 361 3318 auctores
379 3260 512 3318 Graecos
529 3261 655 3335 eiusque
672 3261 839 3318 doctrinam
860 3278 875 3318 e
891 3260 1015 3332 Vergilii
1039 3261 1200 3334 interprete
1210 3257 1232 3335 ll
1257 3276 1325 3317 esse
1342 3258 1495 3325 haustam,

220 3349 272 3425 qui
297 3367 332 3407 ex
351 3349 466 3406 Graeco
491 3348 594 3423 aliquo
612 3353 736 3406 auctore
760 3349 878 3422 pendet.
917 3350 1079 3406 Auctorem
1104 3353 1206 3406 autem
1230 3365 1415 3422 anonymum
1432 3364 1496 3404 cum

220 3438 353 3514 quinq-ue
385 3439 583 3513 scriptoribus
615 3438 713 3494 adhuc
745 3439 986 3496 commemoratis
1019 3456 1086 3495 esse
1118 3436 1353 3511 comparandum
1385 3436 1436 3494 vel
1462 3452 1497 3493 ex

220 3529 304 3590 hisce
328 3526 408 3583 illins
432 3527 533 3584 verbis
558 3527 690 3599 intellegi
718 3530 821 3601 potest
845 3527 888 3603 (G.
905 3527 935 3583 L.
954 3527 999 3593 VI,
1025 3545 1052 3601 p.
1071 3524 1158 3598 274):
1189 3526 1379 3601 cPoematum
1402 3525 1497 3583 versi-

219 3617 380 3674 ficationes
404 3616 568 3672 laudantur
590 3617 694 3689 gravis
719 3620 749 3673 et
773 3616 870 3690 plena.
904 3616 1041 3690 aequalis
1066 3620 1096 3672 et
1119 3618 1296 3688 temperata,
1322 3615 1445 3672 subtilis
1469 3616 1497 3671 et

221 3707 451 3780 circumspecta.
488 3705 600 3762 florida
631 3710 661 3761 et
691 3711 834 3772 venusta,
873 3707 984 3780 quibus
1016 3704 1184 3762 contrariae
1218 3705 1290 3761 sunt
1320 3704 1440 3760 tumida
1469 3704 1498 3760 et

220 3793 382 3861 dissoluta,
408 3793 495 3850 exilis
521 3796 551 3850 et
573 3793 701 3850 fucosa?
741 3795 805 3850 Hoc
829 3795 906 3851 enim
931 3795 998 3851 loco
1024 3794 1068 3850 sic
1092 3810 1124 3849 se
1149 3811 1197 3849 res
1221 3793 1322 3858 hahet,
1348 3795 1384 3849 ut
1407 3793 1498 3849 verba

219 3883 272 3942 illa
296 3883 399 3956 gravis
423 3887 453 3939 et
475 3882 566 3957 plena
590 3884 626 3939 ad
652 3883 750 3940 Procli
773 3901 868 3955 genus
900 3879 1001 3959 ἁδρόν
1025 3882 1086 3940 sint
1108 3881 1272 3942 referenda.
1306 3880 1446 3956 aequalis
1469 3882 1498 3935 et

220 3975 388 4047 temperata
422 3972 461 4029 ad
495 3970 602 4049 μέσον,
635 3972 757 4029 subtilis
793 3976 823 4029 et
856 3973 1075 4044 circumspecta
1106 3971 1145 4026 ad
1177 3967 1291 4048 ἰσχνόν,
1326 3970 1437 4027 florida
1469 3970 1497 4024 et

220 4065 352 4118 venusta
375 4061 412 4118 ad
438 4058 591 4139 ἀνθηρόν.
639 4061 750 4118 Eodem
775 4062 875 4117 autem
900 4061 989 4116 modo
1014 4062 1106 4134 atque
1134 4060 1215 4134 apud
1240 4059 1378 4115 Proclum
1402 4061 1498 4115 virtu-

220 4151 303 4207 tibus
328 4156 522 4224 opponuntur
545 4150 629 4216 vitia,
657 4167 735 4224 quae
759 4150 802 4206 eis
826 4149 1019 4224 respondent,
1052 4165 1130 4223 quae
1155 4149 1237 4222 apud
1261 4148 1400 4205 Photium
1426 4147 1496 4222 legi-

328 4379 346 4438 ¹)
366 4379 398 4431 cl.
419 4377 572 4430 Usenerum
592 4376 608 4429 l.
622 4392 643 4429 s
658 4392 678 4428 s.
699 4392 725 4444 p.
739 4375 804 4429 607..
819 4381 848 4430 et
866 4375 1071 4428 Buchholzium
1091 4376 1118 4428 in
1139 4374 1230 4428 annal.
1250 4373 1424 4429 Fleckeisen.
1438 4374 1496 4428 .vol.

223 4448 281 4502 155⁸
300 4448 592 4588 ⁴139Z}·pwlj??gwam'
613 4519 647 4571 de
662 4517 797 4572 Macrobii
811 4517 951 4572 Saturnal.
970 4516 1106 4582 fontibus,
1120 4516 1308 4570 Vratislaviae
1329 4515 1400 4572 1880
1417 4534 1443 4588 Ρ·
1457 4516 1496 4572 45·
