3190 4944
531 1241 561 1261 ,
667 1115 794 1247 Pars
832 1141 1044 1285 altera
1268 1102 1270 1106 ⁵

604 1476 656 1543 lle
680 1475 861 1544 Anecdoto
885 1476 1069 1558 Estensi.¹l

301 1606 335 1663 In
370 1605 590 1681 prolegomenis
629 1606 668 1662 ad
701 1605 868 1664 Hesiodum
902 1605 1082 1680 conscriptis
1117 1607 1242 1664 Tnetzes
1278 1606 1476 1674 domonstrat,

195 1705 274 1770 quac
297 1693 389 1752 ratio*
409 1695 436 1752 ei
467 1694 511 1752 sit
540 1694 708 1770 sequenda,
738 1695 790 1769 qui
821 1693 904 1768 operi
935 1694 1055 1768 poetico
1086 1691 1312 1769 interpretando
1344 1691 1477 1753 studeat.

194 1784 280 1842 lilius
296 1783 387 1841 enim
418 1783 571 1841 sententia
600 1783 804 1858 incipiendum
823 1786 887 1841 ‚est
917 1801 937 1840 a
967 1780 1071 1859 poesis
1105 1784 1266 1857 generibus
1295 1783 1478 1842 definiendis

194 1872 393 1949 explicandis,
419 1872 607 1946 singulorum
629 1889 772 1946 generum
795 1872 894 1946 poetis
918 1871 1041 1946 optimis
1066 1872 1285 1931 enumerandis.
1319 1873 1475 1949 'Deinceps

196 1963 235 2019 ad
259 1979 328 2020 eum
351 1963 474 2036 poetam
497 1961 700 2019 accedendum
724 1977 793 2020 esse
817 1961 943 2019 Tnetnes
967 1963 1083 2029 censet,
1109 1979 1198 2036 quem
1220 1961 1413 2037 interpretari
1437 1962 1480 2020 sit

195 2050 394 2128 propositum.
401 2047 424 2127 1)
459 2050 503 2108 Eo
520 2052 623 2108 autem
638 2050 715 2118 loco,
742 2068 803 2126 quo
819 2050 886 2125 ipse
902 2050 959 2108 hoc
982 2050 1081 2108 lacere
1098 2051 1187 2110 debet
1211 2048 1249 2126 (p.
1269 2051 1318 2120 12,
1343 2051 1382 2108 12
1400 2049 1475 2127 sqq.)

196 2140 269 2198 dicit
291 2139 461 2214 nuperrime
484 2140 542 2196 bac
566 2139 602 2197 de
625 2157 656 2197 re
680 2157 714 2197 se
730 2139 829 2214 egisse
853 2139 884 2196 in
907 2139 1017 2197 iambis
1047 2135 1119 2217 περὶ
1150 2136 1307 2218 διαφορᾶς
1336 2142 1479 2219 ποιητῶν

195 2228 288 2307 (apud
312 2228 484 2286 Kaibelium
507 2228 538 2285 in
555 2227 636 2286 Gom.
661 2228 764 2286 Graec.
788 2228 906 2302 Fragm.
921 2227 941 2286 Ι.
958 2245 986 2302 p.
1003 2228 1045 2287 34
1062 2227 1139 2304 sqq.)
1164 2228 1240 2286 etin
1256 2228 1477 2305 prolegomenis

197 2318 236 2375 ad
252 2317 480 2393 Lycophronem
505 2317 694 2392 conscriptis
720 2334 799 2391 quae
822 2317 880 2375 hoc
903 2316 971 2375 loco
995 2316 1082 2375 fratri
1098 2334 1156 2375 suo
1173 2317 1321 2378 attribuit.
1361 2317 1479 2388 Quibus

196 2425 233 2464 ex
257 2406 399 2482 operibus
423 2406 567 2480 cognosci
589 2422 681 2481 posse
705 2406 830 2464 Tzetncs
854 2405 978 2474 iudicat,
1004 2423 1066 2481 qua
1089 2405 1207 2464 ratione
1231 2423 1355 2481 operum
1379 2407 1476 2482 poeti·

189 2512 299 2570 corum
323 2495 537 2571 prolegomena
560 2494 622 2552 sint
645 2494 833 2574 instituenda
865 2491 922 2574 (μὴ
951 2492 1142 2555 κατοκνείτω
1170 2497 1265 2555 ταῦτα
1288 2492 1351 2574 πρὸ
1374 2493 1480 2575 πάσης

195 2580 347 2650 πυκτίὸος
368 2587 533 2663 ποιητικῆς
555 2581 738 2662 προτιθέναι
761 2601 789 2658 p.
809 2583 857 2651 12,
887 2585 925 2642 19
951 2583 1066 2661 (laist).

302 2673 388 2731 Hanc
411 2677 514 2730 autem
537 2675 635 2730 totam
666 2673 825 2730 materiam
853 2673 887 2730 in
917 2675 1031 2730 certam
1062 2673 1216 2747 quandam
1247 2673 1478 2747 dispositionem

196 2766 290 2841 atque
314 2761 447 2819 ordinem
470 2761 624 2819 redactam
647 2778 716 2819 esse
739 2764 875 2837 apparet.
914 2761 972 2819 Sed
997 2779 1217 2836 saepenumero
1238 2762 1402 2836 dispositio
1425 2761 1480 2818 illa

196 2853 241 2910 ita
263 2852 454 2919 turbabatur,
480 2853 515 2908 ut
532 2850 563 2907 id
587 2850 690 2924 poesis
713 2867 820 2924 geone,
846 2850 934 2908 cuius
950 2851 1044 2925 poeta
1059 2851 1188 2908 Tzetcae
1212 2854 1278 2908 erat
1299 2851 1476 2926 propositus
1503 2869 1513 2932 j

197 2941 237 2998 ad
260 2939 529 3015 interpretandum,
562 2939 593 2996 in
616 2938 676 2997 fine
707 2938 803 2997 totius
836 2939 982 3014 prooemii
1015 2943 1184 3015 poneretur.
1214 2939 1339 2999 .Veluti
1370 2939 1477 2998 ultimo

196 3030 265 3088 loco
304 3029 433 3087 Tzetzae
472 3028 504 3086 in
541 3026 768 3104 Lycophronem
799 3027 1078 3102 prolegomenorum
1112 3028 1306 3087 inveniuntur
1334 3024 1481 3107 μονῳόοί
1575 3015 1576 3028 ’

197 3118 235 3194 (p.
253 3116 314 3175 261
340 3117 399 3195 Μ),
425 3134 485 3192 quo
509 3117 539 3174 in
564 3133 688 3175 numero
712 3120 779 3175 erat
799 3117 979 3193 Lycophron
1003 3116 1083 3192 ipse,
1115 3117 1147 3174 in
1170 3117 1304 3176 ciusdem
1327 3117 1367 3177 ad
1391 3117 1479 3175 Hesi·

197 3207 290 3264 odum
313 3206 503 3282 praefatione
534 3205 673 3263 ultimum
704 3205 804 3265 locum
835 3206 975 3264 obtinent
1000 3209 1110 3282 poetae
1141 3206 1216 3281 epici
1249 3203 1387 3286 (ποιηταὶ
1410 3204 1478 3267 κατ’

197 3293 332 3376 ε’ξοχήν),
356 3295 388 3353 in
411 3295 522 3370 quibus
545 3296 721 3353 numeratur
751 3292 805 3354 καὶ
828 3291 847 3353 ὁ
869 3290 1034 3372 Ἄσκραῖος
1065 3289 1158 3362 οὗτος
1181 3291 1347 3374 Ἡσίοδος,
1379 3289 1479 3374 οὗπερ

197 3380 416 3463 ἐπεξηγεῖσθαι
437 3380 495 3462 τὴν
517 3380 627 3462 βίβλον
655 3379 876 3462 accelerata
901 3376 941 3464 (p.
962 3383 1000 3440 14
1026 3383 1080 3460 6.).
1127 3383 1223 3442 Simili
1254 3388 1357 3442 autem
1389 3385 1478 3443 modo

197 3473 392 3531 iudicandum
427 3475 476 3530 est
510 3473 546 3529 de
581 3473 743 3531 Andronici
778 3473 1036 3548 Pseudepigraphi
1074 3474 1209 3531 tractatu
1250 3469 1322 3552 περὶ
1358 3469 1479 3544 τάξεως

197 3563 351 3642 ποιητῶν,
387 3561 439 3636 qui
473 3561 539 3636 ipse
575 3579 695 3636 quoque
730 3561 875 3637 prooemii
911 3562 951 3619 ad
986 3561 1152 3620 Hesiodum
1184 3562 1347 3637 conscripti
1378 3563 1478 3621 locum

78 3685 81 3693 ·
106 3737 109 3742 .
197 3653 318 3710 videtur
339 3650 484 3708 tenuisse.
492 3646 514 3726 1)

258 3737 259 3742 ’
305 3739 463 3798 Eiusmodi
485 3739 699 3815 prolegomena
722 3740 762 3798 ad
785 3739 976 3798 Theocritum
1008 3756 1129 3814 quoque
1153 3739 1324 3814 composita
1347 3742 1479 3798 aetatem

197 3829 342 3898 tulerunt;
378 3846 476 3904 neque
506 3845 579 3887 vero
611 3828 711 3886 adhuc
742 3830 816 3887 sunt
846 3828 958 3903 publici
993 3828 1069 3886 iuris
1099 3827 1191 3886 iacta.
1246 3828 1305 3887 Sed
1335 3829 1479 3905 reliquias

198 3917 410 3976 tantummodo
443 3918 593 3976 habemus
628 3918 723 3976 veluti
757 3918 787 3975 in
823 3918 922 3992 capite
956 3916 1008 3974 illo
1031 3913 1102 3993 περὶ
1135 3918 1200 3976 τῶν
1233 3919 1288 3995 τῆς
1321 3915 1481 3996 ποιήσεως

307 4107 326 4177 1)
346 4108 378 4162 Ιιι
397 4106 451 4161 hoc
470 4105 564 4178 capite
582 4122 656 4189 qnae
675 4106 710 4160 de
728 4106 825 4162 codiee
837 4105 950 4160 Estensi
967 4105 1155 4178 proferuntur,
1174 4105 1354 4162 Immischius
1365 4107 1480 4162 comiter

200 4182 229 4234 et
247 4178 367 4247 benigne
385 4193 496 4232 mecum
515 4177 742 4233 communicavit.
1573 4179 1574 4206 ³

306 4250 448 4320 1)Πρῶτα
474 4247 525 4317 μὲν
550 4246 601 4320 γὰρ
629 4245 705 4337 εἶχρῆν
733 4244 860 4335 danicam
888 4246 975 4338 φάναη
996 4249 1050 4301 τῶν
1079 4249 1197 4315 ποιητῶν
1223 4251 1322 4299 sarr
1294 4248 1356 4301 τίνα
1381 4248 1480 4301 τούτων

198 4321 433 4408 χαρακτηρίσματα
450 4321 581 4376 καὶιτίνεε
598 4319 698 4373 τούτων
715 4314 744 4371 οἱ
758 4316 921 4391 περιβόητοι.
958 4339 1049 4372 επετα
1076 4339 1107 4372 το
1135 4321 1207 4388 γένος
1233 4313 1316 4372 εἷῒιτεν
1341 4326 1390 4373 τοῦ
1416 4339 1479 4391 προ·

199 4395 317 4462 κειιιμένο
334 4390 401 4462 πρὸς
419 4389 539 4463 ἐξήγησιν
556 4388 612 4445 κτλ.
632 4409 658 4462 p.
680 4391 720 4457 ll,
739 4390 866 4446 eumer.
884 4392 937 4461 (ed.
955 4392 1048 4463 Lipe..)

306 4465 379 4534 1)οῐ,
398 4480 442 4530 ea,
467 4480 539 4534 quae
564 4433 744 4534 exposuitb.
764 4462 919 4518 Cohnius
911 4479 940 4517 ιιι
965 4461 1251 4518 commentationibus
1275 4461 1460 4534 philologis
1452 4478 1480 4517 m

200 4537 336 4592 honorem
353 4536 390 4590 M
408 4535 560 4606 Hertziip.
576 4533 660 4590 130-
665 4532 724 4588 133.
