3190 4944
651 221 854 296 ..ρ’-

111 413 328 495 οἰκονομικός,
351 416 371 496 ij
395 411 533 483 πολλοὺς
556 413 609 476 καί
632 413 751 494 λέγεται
773 413 940 484 πολιτικός.
982 413 1176 495 Ἑγκαλοῦσι
1194 413 1229 477 δὲ
1253 417 1284 477 οῖ
1302 413 1393 477 Πλα-

109 502 240 566 τωνικοὶ
273 509 328 585 τῇ
345 503 478 584 τοιαύτη
509 502 655 584 διαιρέσει
693 504 829 585 τέσσαρα
868 503 1048 585 ἐγκλήματα
1072 523 1079 536 ·
1102 509 1232 586 πρῶτον
1272 504 1318 566 ὅτι
1352 505 1368 567 έ
1375 528 1393 567 ν

112 591 295 674 οὐδεμιᾷ
319 591 525 672 διαιρέσει
547 591 588 654 τὸ
612 593 734 673 γένος
750 591 816 658 ,ἑνί
840 592 930 655 εἴδει
953 593 1090 656 ἑαυτοῦ
1114 593 1234 674 πάντῃ
1258 592 1393 655 ταύτόν

112 681 223 744 ἐστιν
240 699 246 712 ·
264 680 332 752 οἷον
355 679 390 744 τὸ
414 682 500 762 ζῷον
525 680 683 762 διαιρεῖται
705 682 750 750 εἰς
776 680 906 762 λογικὸν
928 681 981 743 καί
1001 681 1128 762 ἄλογον,
1151 682 1215 744 καλ
1228 682 1267 744 οὐ
1290 682 1392 764 πάντη

109 768 224 832 ταύτόν
248 770 311 832 ἔστι
332 769 369 832 τὸ
390 771 477 850 ζῷον
500 775 547 850 τῷ
569 769 699 850 λογικῷ,
723 769 790 834 ἐπεὶ
811 775 883 840 πῶς
906 769 999 832 ἑαυτὸ
1019 770 1201 852 ,τῴἀλόγῳ
1216 771 1393 852 ασράσχοι,·

105 859 278 922 Ιἐνταῦθα
303 857 501 921 δὲνταύτδν
523 858 565 921 τὸ
588 858 801 941 πρακτικὸν
816 865 868 940 τῷ
890 859 1076 940 πολιτικῷ
1093 879 1099 891 ·
1116 859 1169 922 καὶ
1185 859 1204 922 ό
1219 858 1393 940 πρακτικὸς
1491 943 1493 947 Ι

111 947 174 1029 γὰρ
197 949 217 1030 ἢ
241 949 296 1010 ἕνα
320 953 437 1029 κοσμεῖ
456 950 476 1029 ἢ
500 947 626 1029 ὀλίγους
650 950 670 1029 ἢ
694 947 842 1021 πολλούς,
866 947 919 1010 καὶ
943 947 962 1010 ὁ
984 947 1144 1018 πολιτικὸς
1160 948 1319 1030 ὁμοίωςῆ
1337 949 1393 1012 ένα

110 1039 131 1118 ἢ
164 1036 290 1117 ὀλίγους
314 1039 342 1118 ἢ
373 1035 512 1106 πολλοὺς
542 1042 664 1118 κοσμεῖ.
718 1040 818 1098 Tertio
839 1043 958 1098 *autem
989 1040 1057 1098 loco
1091 1040 1174 1098 Elias
1210 1041 1287 1098 haec
1321 1039 1395 1098 dicit

110 1147 140 1204 p.
158 1127 209 1198 32,
227 1129 355 1204 l8sqq.:
386 1125 489 1208 τρίτον
508 1125 666 1208 ἔγκλημα,
697 1125 828 1189 ὅτιούκ
855 1125 903 1188 ἀεὶ
927 1126 945 1189 ὁ
969 1125 1099 1206 ὀλίγους.
1117 1131 1251 1207 κοσμῶν
1274 1125 1393 1206 λέγεται

110 1214 374 1295 οἶκονομικόςμό
399 1214 437 1277 δὲ.
456 1213 595 1284 πολλοὺς
617 1214 775 1284 πολιτικός
792 1234 798 1246 ·
814 1215 844 1276 τί
865 1214 926 1297 γὰρ
949 1221 1035 1278 ποιεῖ
1053 1210 1109 1302 (d)
1132 1215 1182 1278 ἐπὶ
1204 1220 1268 1277 τῶν
1289 1216 1393 1278 οἴκων

109 1309 177 1365 τῶν
200 1303 341 1385 ἐχόντων
371 1299 519 1372 πλείονας
539 1303 749 1384 ’ἀνθρώπους
778 1303 1042 1380 τινῶν-πόλεωνς
1062 1306 1158 1368 νέσται
1181 1303 1250 1386 γὰρ
1265 1301 1334 1367 τότε
1356 1303 1392 1366 τό

111 1391 320 1474 οἰκονομικὸν
354 1391 514 1455 πολιτικὸν
531 1393 603 1454 καὶ
627 1391 671 1454 τὸ
702 1392 863 1456 στολιτικδν
896 1392 1111 1474 οἰκονομικόν.
1150 1397 1283 1468 ''Quibus
1316 1396 1392 1468 locis

110 1483 224 1552 allatis,
255 1501 441 1560 quamquam
464 1484 547 1542 Elias
571 1481 778 1562 οἰκονομικόν
802 1486 841 1543 ab
863 1485 1037 1543 Aristotele·
1054 1486 1122 1562 ipso
1147 1503 1215 1543 esse
1239 1478 1392 1561 composi-

109 1570 210 1650 tum1)
234 1573 312 1631 male
336 1573 460 1640 iudicat,
481 1577 588 1630 damen
612 1591 758 1648 apparere
782 1591 891 1632 censeo
910 1575 1110 1649 ‘partitionem
1132 1574 1215 1632 illam
1239 1577 1391 1636 tractatus

105 1661 234 1722 :Goislin
262 1663 382 1720 minime
406 1679 482 1720 esse
514 1663 755 1738 improbandam,
773 1664 843 1721 ¹sc'd
874 1663 1158 1738 Peripateticorum·
1174 1662 1292 1721 ratione
1323 1679 1392 1724 csse

104 1747 309 1810 institutam.2
425 1755 429 1764 '
486 1779 487 1784 1
597 1777 598 1784 ν
624 1782 626 1786 -
677 1803 690 1814 ,,
992 1772 996 1778 ·
1116 1753 1129 1780 ³
1187 1797 1191 1804 τ
1291 1797 1316 1819 „

117 1845 139 1886 τ’
217 1839 280 1897 Iam
304 1746 402 1898 instat
424 1841 576 1916 quaestio,
611 1841 683 1916 quid
709 1841 756 1898 sit
778 1841 981 1899 'iudicandum
999 1842 1048 1898 de
1078 1839 1392 1920 vocibusdpipmoc

101 1930 141 1986 vet
163 1926 293 2008 μιμητή,
341 1929 502 2003 Significat
524 1932 627 1987 autem
644 1929 725 1987 ‘illud
748 1926 886 2009 μιμητός
908 1930 947 1998 id,
982 1931 1063 2005 quod
1087 1929 1199 1988 imitari
1224 1947 1392 2005 possumus

110 2020 167 2075 aut
188 2017 299 2076 imitati
323 2035 438 2084 sumus
464 2035 526 2075 non
549 2018 589 2086 id,
606 2019 698 2093 'quod
721 2019 823 2094 ipsum
845 2017 1014 2097 μιμήσεως
1037 2021 1085 2076 est
1101 2019 1263 2093 particeps
1299 2019 1392 2090 Quem

103 2111 234 2167 ‘sensum
256 2108 315 2164 hoc
338 2106 406 2164 loco
430 2106 601 2182 requiriex
625 2107 670 2165 eis
694 2110 828 2182 apparet,
855 2125 934 2182 quae
959 2108 1180 2166 demonstravit
1196 2107 1391 2166 ¹Imm'ischius

106 2195 129 2254 ,1.
146 2213 170 2254 s.
187 2213 211 2253 s.
235 2214 263 2271 p.
281 2195 344 2254 259
355 2213 401 2270 sq.
415 2197 457 2252 et
479 2214 507 2271 p.
524 2195 588 2253 263
598 2214 643 2271 sq.
664 2196 755 2253 ¹¹Nam
771 2197 945 2254 Aristotelis
965 2196 1133 2255 doctrinam
1155 2197 1214 2255 hoc
1237 2199 1392 2255 tractatus

103 2284 178 2345 ¹loco
203 2285 331 2343 subesse
355 2287 485 2344 constat.
516 2285 680 2342 Praeterea
701 2288 749 2343 est
772 2285 1066 2344 commemorandum
1082 2286 1113 2342 in
1128 2285 1304 2344 Aristotelis
1327 2285 1392 2343 arte

110 2376 190 2449 poet.
215 2391 239 2433 c.
257 2374 275 2430 6
300 2392 327 2449 p.
347 2373 430 2431 1449
446 2374 466 2431 b
480 2373 518 2431 21
545 2374 620 2431 haec
645 2383 765 2432 exstars
781 2376 889 2433 verba:
912 2371 984 2452 περὶ
1000 2369 1058 2434 οὗν
1073 2372 1185 2453 τῆς-έν
1208 2373 1392 2454 ἑξαμέτροις

103 2466 281 2542 Ξμιμητικῆς
300 2457 378 2543 (soil.
394 2457 568 2544 ποιήσεως)
591 2459 644 2522 καὶ
667 2459 739 2542 περὶ
761 2460 939 2542 κωμῳδίας
962 2461 1092 2542 ὕστερον
1116 2461 1252 2542 ἐροῦμεν
1276 2466 1307 2521 et
1330 2463 1391 2526 c.,8

103 2570 138 2627 .p.
152 2551 240 2610 1451
260 2570 279 2609 a
292 2552 346 2610 28:
367 2599 370 2608 ι
377 2549 439 2631 χρὴ
464 2546 531 2622 οὗν,
554 2549 705 2631 καθάπερ
723 2549 782 2611 καί
805 2550 838 2612 ἕν
865 2554 933 2619 ταῖς
956 2548 1063 2618 ἄλλαις
1085 2551 1310 2632 μιμητικαῖςὴ
1334 2550 1391 2631 μία

108 2639 243 2719 μίμησις
272 2637 345 2707 ἑνός
369 2635 493 2723 Ιἐστινὸ)
539 2641 646 2716 Itaque
670 2641 949 2699 Kaineliusrcu.
974 2659 1002 2716 p.
1019 2641 1061 2700 50
1086 2642 1155 2700 adn.
1178 2640 1207 2699 2.
1231 2641 1392 2718 proposuit

108 2729 269 2787 lectionem
291 2728 454 2809 μιμητική,
486 2748 566 2806 quae
597 2730 662 2788 sine
686 2731 778 2789 dubio
806 2731 976 2789 intextum
1009 2733 1057 2788 est
1088 2731 1289 2805 recipienda*
1313 2731 1391 2788 Nam

101 2835 224 2876 *novum
247 2821 467 2892 argumentum
482 2819 561 2876 infra
576 2819 735 2894 proferam.
772 2820 830 2878 Sed
855 2821 894 2877 ad
917 2820 992 2877 illud
1015 2817 1174 2898 ἀμίμητος
1197 2819 1389 2888 accedamus,

109 2908 192 2982 quod
215 2907 364 2966 hocloco
388 2909 634 2984 ipsumquoquc
658 2909 779 2985 proprio
804 2910 936 2984 quodam
960 2911 1055 2966 sensu
1078 2909 1247 2967 adhibetur.
1290 2909 1390 2983 Signi·

106 2997 185 3055 ficat
208 2996 285 3054 enim
309 3014 376 3054 eam
399 2997 515 3071 poesin,
541 3015 620 3073 quae
644 3014 757 3073 expers
775 3001 823 3058 est
844 2995 1021 3076 μιμήσεως.
1064 2997 1123 3056 Sed
1147 2998 1293 3073 scriptum
1316 2997 1390 3072 legi-

103 3103 178 3146 mus
204 3086 285 3160 apud
297 3085 496 3145 Aristotelem
511 3088 708 3160 personatum
728 3087 760 3166 in
776 3087 918 3161 problem.
935 3105 962 3162 p.
980 3086 1041 3145 591
1061 3104 1081 3144 a
1094 3087 1126 3145 6:
1150 3086 1172 3166 ἢ
1188 3082 1264 3146 διότι
1278 3083 1316 3146 τὰ
1330 3083 1390 3165 μὲν

108 3171 253 3253 ἀμίμητα
275 3171 313 3233 τὰ
338 3171 373 3235 δὲ
395 3171 517 3254 μιμητὰ
541 3178 579 3254 τῇ
602 3178 702 3254 ψυχῇ.
747 3175 812 3232 Hoc
841 3179 943 3233 autem
973 3175 1042 3234 loco
1074 3193 1111 3233 ea
1142 3178 1215 3233 sunt
1238 3173 1390 3255 ἀμίμητα,

109 3273 189 3338 quae
213 3281 300 3320 nemo
325 3264 436 3321 imitari
461 3267 572 3338 potest,
606 3266 698 3340 atque
722 3263 797 3324 illud
819 3262 941 3343 μιμητά
966 3282 1032 3322 eam
1055 3265 1148 3323 habet
1171 3265 1241 3332 vim,
1268 3265 1304 3322 de
1329 3283 1392 3340 qua

104 3370 205 3427 supra
229 3352 353 3427 egimus.
389 3353 501 3411 Eodem
525 3355 627 3412 autem
650 3371 744 3411 sensu
767 3353 951 3412 vocabulum
975 3354 1050 3411 illud
1074 3354 1234 3412 adhibetur
1256 3354 1287 3410 in
1303 3354 1390 3411 Euri-

108 3441 190 3516 pidis
214 3441 280 3499 vita
304 3436 413 3523 (schol.
436 3443 468 3500 in
484 3441 655 3517 Euripidem
679 3443 724 3500 ed.
744 3442 776 3501 E.
793 3441 952 3499 Schwartz
975 3442 1065 3501 vohi
1089 3461 1117 3518 p.
1134 3442 1164 3512 4,
1179 3437 1225 3524 5)ι;
1249 3440 1303 3502 καί
1325 3446 1391 3510 τοῖς

107 3527 234 3608 μέλεσίν
272 3528 352 3590 ἐστιν
393 3529 551 3610 ἀμίμητος
588 3527 915 3609 παραγκωνιζόμενος
933 3527 1023 3598 Δτοὺς
1046 3528 1245 3609 μελοποιοὺς
1275 3528 1390 3611 σχεδὸν

102 3616 238 3684 πάντας.
282 3619 342 3677 Sed
366 3621 448 3694 apud
463 3620 603 3678 Proclum
619 3619 871 3694 Neoplatonicum
894 3621 1047 3678 invenitur
1062 3621 1157 3688 locus,
1182 3621 1237 3678 ubi
1251 3621 1390 3680 Platonis

101 3707 186 3766 artis
217 3708 354 3782 poeticae
385 3709 510 3782 partitio
543 3708 875 3782 tractatur.=«Singula
893 3712 1007 3767 autem
1031 3709 1105 3768 artis
1136 3710 1290 3768 vocabula
1322 3727 1390 3768 cum

108 3798 172 3854 sint
203 3796 357 3854 simillima
388 3815 500 3866 eorum,
535 3816 615 3873 quac
638 3799 669 3855 in
691 3799 826 3856 tractatu
851 3798 973 3856 Goislin.
997 3799 1112 3874 scripta
1135 3798 1272 3873 legimus,
1304 3799 1388 3857 illius

104 4029 107 4034 .
175 4027 177 4030 Ι
217 3950 236 4019 ¹)
254 3950 331 4036 Dicit
347 3967 374 4021 p.
387 3950 485 4015 33,45;
505 3946 550 4004 διὰ
568 3924 600 4004 δέ
614 3949 645 4004 τὰ
665 3919 833 4021 όλκονομικὸν
849 3953 996 4024 γέγραπται
1014 3951 1117 4021 cordo
1137 3949 1315 4022 Οἰκονομικὸς.
1353 3953 1388 4009 cf.

106 4021 477 4176 ..Zeneruiiltliusa‘ss'norimlitla
495 4093 561 4176 sint,
580 4097 734 4178 nonurecte'
751 4094 786 4149 dc
805 4095 859 4178 hac
878 4095 1045 4178 quaestione
1065 4095 1202 4150 iudicavit
1219 4095 1390 4166 Bsrnaysius

105 4180 137 4247 γυ
163 4164 255 4246 ,,Ζννει
274 4165 500 4248 abhandlungen
527 4165 596 4220 uber
623 4166 668 4220 dre
694 4167 902 4222 aristotelrsche
920 4166 1040 4221 Theona
1068 4165 1118 4220 des
1143 4166 1265 4221 Drama“
1290 4184 1317 4238 p.
1339 4166 1390 4246 140

106 4235 395 4340 itemquffKarbehus
413 4237 503 4292 l.s.s.
521 4235 665 4319 pdhsqq.
830 4310 835 4320 .
1033 4307 1039 4325 1
1209 4307 1214 4319 ⁸

158 4377 211 4432 ns
228 4308 601 4433 tiifttititihii
618 4308 1389 4450 >¹23⁰thu:¹diruturum-tiathire

104 4379 243 4531 λεθρόφουε,
261 4447 392 4533 πρότερον
410 4447 439 4503 δὲ
457 4447 532 4517 εἶχον.
563 4399 627 4508 estid
650 4420 722 4534 liaeo
741 4397 985 4523 vgfflssefflfft
1007 4451 1045 4506 ad
1064 4420 1154 4507 cirtem
1174 4453 1323 4530 musicam.
1352 4453 1388 4507 ci.

107 4519 229 4589 domum,
248 4537 348 4576 musrcr
366 4521 516 4592 scriptores
534 4523 635 4580 Graeci
653 4523 736 4595 (inps.
752 4522 829 4593 1895)
847 4541 874 4595 p.
887 4523 1007 4594 sesqua
