3190 4944
736 231 958 288 -74-

204 407 359 465 doctrinae
383 408 515 480 vestigia
537 408 734 466 inveniuntur
757 408 839 483 apud
862 409 1004 466 Tzetzam
1026 409 1058 465 in
1080 407 1302 482 prolegomenis
1326 410 1364 467 ad
1388 409 1488 485 Lyco-

204 496 348 570 phronem
371 513 399 571 p.
416 495 480 555 254
504 496 555 554 M.:
586 493 640 556 καλ
666 499 846 576 μιμητικῶς
869 495 902 557 ἐν
924 500 963 576 τῇ
985 494 1110 576 θυμέλη
1134 494 1172 556 τὰ
1194 495 1316 558 τούτων
1341 495 1488 577 δράματα

203 581 352 663 λέγεσθαί
371 605 403 644 τε
426 583 480 645 καλ
503 582 642 664 δρᾶσθαι
674 588 704 644 et
730 587 761 644 in
784 587 894 645 iambis
917 583 988 665 περὶ
1017 584 1174 664 διαφορᾶς
1196 589 1338 667 ποιητῶν
1361 588 1487 648 v.102:

506 677 685 753 μιμητικῶς
707 695 739 735 τε
761 673 862 735 πάντα
887 672 966 753 δρᾶν
989 678 1028 754 τῇ
1050 673 1186 755 θυμέλη.

308 763 412 838 Neque
434 780 507 822 vero
531 765 695 839 quicquam
718 765 867 822 eiusmodi
897 765 929 822 in
960 765 1068 822 ceteris
1099 765 1292 834 tractatibus,
1327 767 1380 841 qui
1412 770 1487 823 sunt

203 851 240 908 de
263 853 349 925 poesi
373 853 549 920 dramatico,
577 853 688 910 inveni.
733 851 802 910 Jam
833 853 1002 922 videamus,
1035 853 1108 929 quid
1139 854 1171 911 in
1202 854 1307 911 lexicis
1340 854 1376 912 de
1408 873 1485 913 voce

201 937 326 1019 θυμέλη
362 942 509 999 tradatur.
517 938 540 1017 ²)
598 941 631 998 ln
665 942 815 1000 anecdoto
851 943 929 1000 enim
964 943 1110 1016 scriptum
1144 942 1286 1014 legimus:
1326 939 1367 1022 ἦν
1404 940 1439 1003 δέ
1466 941 1487 1022 ή

202 1026 327 1109 θυμέλη
351 1028 441 1109 βῆμά
463 1050 491 1089 τι
514 1029 533 1108 ἢ
557 1027 611 1090 καὶ
626 1027 749 1110 βωμός.
772 1029 807 1091 ἒν
825 1035 863 1110 τῇ
887 1029 1047 1110 ὀρχήστρᾳ
1072 1029 1106 1092 δὲ
1130 1030 1241 1101 ῖστάτο,
1273 1029 1306 1091 ἐν
1337 1027 1359 1111 ᾖ
1387 1029 1442 1092 καὶ
1469 1030 1489 1092 ὁ

202 1114 301 1197 χορὸς
323 1114 392 1196 dcl)
409 1166 416 1179 .
432 1115 533 1198 σκηνή
556 1115 616 1198 μέν
640 1116 701 1198 γάρ
716 1117 898 1198 ὑποκριτῶν
913 1118 1019 1190 τόπος,
1040 1119 1060 1199 ή
1078 1117 1113 1181 δὲ
1128 1118 1288 1200 ὀρχήστρα
1303 1124 1360 1181 τοῦ
1375 1124 1488 1200 χοροῦ.

203 1207 321 1265 Similia
344 1211 446 1265 autem
470 1209 584 1282 scripta
606 1209 735 1283 legimus
766 1209 848 1283 apud
871 1209 1025 1267 Pollucem
1049 1209 1098 1276 IV,
1112 1210 1187 1269 123:
1222 1209 1242 1289 ή
1267 1206 1302 1270 δὲ
1325 1207 1487 1289 ὀρχήστρα

201 1299 259 1355 τοῦ
282 1299 392 1375 χοροῦ,
417 1294 451 1356 έν
473 1291 495 1375 ᾖ
517 1295 571 1357 καλ
594 1295 614 1375 ή
637 1294 774 1378 θυμέλη,
798 1296 856 1358 εἴτε
878 1295 967 1378 βήμά
990 1319 1018 1357 τι
1041 1293 1130 1368 οὖσα,
1154 1297 1212 1359 εἴτε
1235 1295 1357 1378 βωμός.
1382 1296 1434 1359 ἐπὶ
1454 1297 1490 1360 δὲ

202 1389 257 1464 τῆς
288 1389 407 1465 σκηνῆς
437 1382 491 1445 καὶ
522 1382 648 1464 ἀγνιεὺς
672 1385 770 1446 έκειτο
793 1383 909 1466 βωμὸς
934 1384 998 1465 πρὸ
1021 1390 1086 1447 τῶν
1109 1381 1244 1467 θυρῶν.
1260 1385 1315 1448 καλ
1337 1386 1487 1467 τράπεζα,

202 1472 351 1553 πέμματα
375 1473 500 1553 ἔχουσα.
547 1475 591 1532 Ea
622 1479 723 1534 autem
754 1477 895 1534 anecdoti
925 1478 1028 1546 verba,
1061 1495 1140 1552 quae
1171 1489 1327 1535 secuntur:
1359 1474 1487 1557 θυμέλη

203 1560 237 1624 δὲ
266 1560 393 1642 λέγεται,
427 1560 534 1642 ἐπειδὴ
566 1561 599 1623 ἐν
628 1562 707 1644 αὐτῇ
730 1561 767 1624 τὰ
791 1562 856 1644 θύη
882 1563 982 1643 ήγαυν
1003 1562 1041 1624 τά
1065 1564 1159 1643 ἱερεῖα
1182 1563 1323 1646 μεληδὸν
1347 1565 1486 1645 ἔτεμνον.

201 1649 341 1732 τράπεζα
373 1649 434 1730 γάρ
464 1673 508 1719 τις
540 1648 589 1731 ἦν,
619 1650 692 1731 περὶ
721 1652 761 1732 ἣν
791 1650 826 1713 τδ
856 1650 991 1714 παλαιὸν
1021 1652 1194 1734 ἐφεστῶτες
1224 1653 1259 1715 έν
1288 1659 1352 1721 τοῖς
1376 1653 1488 1734 ἀγροῖς

202 1736 293 1820 ᾖδον,
323 1739 424 1820 μήπω
455 1745 510 1820 τῆς
539 1740 718 1820 τραγῳδίας
748 1740 834 1812 τάξιν
864 1740 1034 1822 λαβούσης,
1075 1745 1282 1819 comparanda
1311 1748 1385 1802 sunt
1418 1762 1486 1801 cum

203 1831 256 1897 cis,
283 1848 361 1904 quae
385 1831 509 1904 praehet
532 1831 628 1906 Etym.
651 1831 690 1889 M.
715 1849 738 1890 s,
755 1847 783 1889 v.
799 1829 924 1911 θυμέλη
949 1832 1022 1900 458,
1035 1832 1090 1890 30:
1113 1832 1133 1912 ή
1157 1836 1213 1892 τοῦ
1236 1830 1375 1911 θεάτρου
1391 1832 1487 1912 μέχρι

201 1921 259 1979 νῦν
283 1915 346 1978 ἀπὸ
369 1923 425 1998 τῆς
439 1919 597 1998 τραπέζης
612 1918 803 1999 ὠνόμασται,
827 1918 914 2000 παρὰ
934 1917 970 1980 τδ
987 1919 1035 1980 ἐπ’
1053 1919 1150 2000 αὐτῆς
1165 1918 1202 1981 τά
1218 1919 1284 2001 θύη
1300 1919 1486 2000 μερίζεσθαι

201 2006 338 2067 τουτέστι
359 2004 397 2066 τὰ
420 2006 566 2087 θυόμενα
590 2007 693 2087 ἱερεῖα.
742 2005 888 2089 Τράπεζα
920 2007 954 2070 δὲ
984 2006 1033 2089 ἦν,
1064 2008 1115 2089 ἐφ’
1148 2005 1186 2090 ἧς
1213 2009 1342 2077 ἑστῶτες
1365 2008 1400 2071 έν
1423 2014 1488 2077 τοῖς

203 2095 312 2175 ἀγροῖς
333 2092 423 2176 ᾖδον,
445 2097 546 2177 μήπω
569 2098 656 2168 τάξιν
677 2096 839 2178 λαβούσης
868 2097 1085 2178 τραγῳδόαςδ)
1132 2099 1247 2157 Summi
1279 2102 1382 2157 autem
1414 2103 1486 2158 sunt

203 2187 345 2244 momenti
376 2186 451 2244 haec
475 2188 593 2246 Orionis
624 2189 719 2245 verba
742 2189 773 2245 in
796 2189 894 2246 lexico
918 2206 942 2246 s.
958 2207 987 2246 v.
1010 2185 1135 2267 θυμέλη
1160 2205 1188 2262 p.
1207 2189 1302 2256 72,8:
1330 2183 1486 2268 Θυμέλη·

202 2271 289 2352 παρὰ
319 2271 355 2334 τδ
386 2273 435 2334 ἐπ’
467 2274 564 2355 αὐτῆς
592 2273 736 2336 τίθεσθαι
767 2273 804 2336 τὰ
835 2275 981 2356 θυόμενα
1005 2275 1098 2356 ῖερεῖα
1117 2324 1122 2335 .
1138 2274 1277 2355 τράπεζα
1301 2273 1399 2356 δὲῆν
1421 2274 1487 2357 πρὸ

201 2361 325 2433 τούτου,
349 2362 400 2442 ἐφ’
425 2360 463 2443 ής
486 2363 616 2432 ἑστῶτες
638 2363 672 2425 ἐν
694 2369 758 2432 τοῖς
781 2363 890 2444 ἀγροῖς
904 2362 993 2445 ᾖδον,
1016 2365 1119 2445 μήπω
1137 2364 1223 2436 τάξιν
1246 2363 1409 2446 λαβούσης
1431 2370 1486 2445 τῆς

202 2450 414 2531 τραγῳδίαςέ)
461 2454 505 2512 Ex
528 2455 636 2512 Orione
668 2458 770 2512 autem
793 2454 934 2512 facillime
966 2456 1041 2512 haec
1069 2457 1105 2513 de
1129 2452 1253 2534 θυμέλη
1286 2455 1426 2514 doctrina
1455 2456 1485 2512 in

201 2542 301 2600 Procli
338 2543 550 2617 Neoplatonici
590 2543 858 2601 chrestomathiam
896 2561 1020 2602 manare
1059 2545 1167 2620 potuit.
1228 2545 1336 2619 ltaque
1375 2559 1483 2602 censeo

202 2630 342 2689 Proclum
370 2632 478 2706 ipsum,
517 2650 583 2690 cum
619 2632 727 2707 poesin
761 2633 959 2690 dramaticum
994 2636 1149 2701 tractaret,
1186 2634 1286 2708 egisse
1320 2633 1414 2691 etiam
1449 2634 1486 2691 de

201 2717 336 2799 θυμέλη.
383 2721 437 2778 lllo
462 2725 564 2780 autem
586 2721 789 2779 intercedente
813 2723 888 2779 haec
912 2722 1015 2780 omnia
1044 2725 1245 2796 pervenerunt
1276 2723 1314 2779 ad
1343 2725 1484 2781 auctores

202 2810 399 2884 Byzantinos

308 2898 343 2955 In
366 2888 424 2967 eis,
445 2917 524 2974 quae
546 2899 578 2956 in
601 2899 752 2957 anecdoto
777 2902 929 2968 secuntur,
963 2900 1120 2957 comoedia
1151 2900 1294 2958 dividitur
1325 2901 1357 2956 in
1380 2904 1486 2974 partes

202 2992 278 3045 tres:
303 2988 417 3062 primae
441 2988 615 3046 comoediae
639 2986 814 3067 ἀρχηγέτης
837 2989 1011 3046 nominatur
1027 2989 1182 3056 Susarion,
1209 2989 1361 3046 secundae
1377 2993 1485 3063 poetae

204 3081 277 3134 sunt
311 3076 469 3143 Cratinus,
510 3076 652 3152 EupoliS,
695 3077 933 3151 Aristophanes,
971 3078 1076 3146 Plato,
1116 3078 1226 3136 tertiae
1260 3078 1425 3136 Menander
1456 3081 1484 3134 et

203 3165 368 3224 Philemon.
413 3166 526 3223 Eodem
550 3166 639 3223 modo
664 3166 773 3223 dividit
789 3167 913 3225 Tzetzes
937 3167 968 3223 in
994 3170 1129 3225 tractatu
1151 3168 1175 3224 P
1195 3168 1214 3224 b
1232 3167 1273 3224 24
1297 3184 1363 3242 sqq.
1387 3164 1426 3243 (p.
1444 3166 1486 3223 20

203 3254 320 3330 Kaibel)
353 3257 383 3311 et
405 3254 435 3311 M
459 3273 478 3311 a
505 3255 543 3312 15
569 3272 634 3330 sqq.
667 3255 704 3330 (p.
724 3256 764 3313 27
789 3254 915 3332 Kaibel).
962 3255 1027 3312 Hac
1058 3256 1095 3312 de
1126 3274 1157 3313 re
1186 3256 1247 3328 egit
1273 3255 1432 3314 Kaibehus
1455 3257 1484 3312 in

202 3343 424 3419 prolegomenis
448 3361 475 3418 p.
493 3342 544 3401 47.

311 3516 329 3581 ¹)
348 3515 544 3603 Hesychiuss.
563 3533 589 3567 v.
608 3510 893 3584 θυμέλανοῖβωμοῖ,
912 3513 1008 3567 καὶτὰ
1033 3513 1098 3583 αλφ
1098 3535 1132 3567 τα
1157 3513 1190 3567 τοὶ
1212 3513 1386 3604 ἐπγθγύμτνα,
1411 3516 1483 3570 idem

193 3583 453 3722 δύτῦδύδῗιυύλνληή
421 3605 501 3708 οῖ’δάκ
519 3582 822 3713 λλεῖεωάνδπλλιλλλλαζλυ
821 3583 958 3712 weg?
976 3582 1127 3709 mmcdx
1142 3583 1218 3727 βδι
1189 3583 1435 3712 ωαέπιέλλλδναεέζ.
1456 3580 1485 3712 λλ

202 3730 273 3797 θυμέ
273 3726 353 3794 λη’(
340 3748 354 3779 ο
373 3726 468 3796 βωμός,
484 3676 541 3780 (ἀλλὰ
559 3677 607 3780 erfo
625 3727 709 3783 θύειν.
944 3677 978 3726 με
1180 3676 1216 3725 μθ

310 3800 329 3868 ²)
349 3800 493 3853 isidorus
485 3817 515 3854 1n
513 3800 671 3883 Originum
689 3801 735 3855 lib.
748 3801 846 3864 XVIll,
857 3800 900 3854 47.
915 3801 950 3855 de
962 3800 1123 3870 thymelicis
1136 3799 1207 3854 haec
1221 3800 1299 3854 dicit:
1319 3799 1484 3871 Thymelici

203 3874 299 3926 autem
319 3875 401 3924 erant
418 3871 520 3926 musici
539 3873 650 3936 scenici,
671 3873 718 3942 qui
736 3872 764 3926 in
785 3872 898 3942 organis
918 3876 948 3926 et
959 3872 1027 3942 lyris
1040 3875 1070 3924 et
1083 3871 1201 3926 citharis
1214 3871 1425 3941 praecinebant.
1449 3870 1484 3925 nt

203 3942 285 4066 qllrlctlr11
288 3942 441 4067 ἓήιγιηὲήὲη
442 3942 536 4068 aqlqrod
555 3942 646 3996 olim
639 3959 668 3996 rn
682 3943 827 3997 orchestra
843 3946 954 3998 stantes
967 3945 1122 3997 cantabant
1141 3959 1224 4013 super
1242 3941 1389 4012 pulpitum,
1411 3940 1483 4014 quod

237 4030 256 4083 y
307 4085 340 4221 ἓν
349 4083 506 4206 quetjrea
528 4084 564 4138 cf.
595 4084 685 4170 Etym.
714 4083 750 4137 ll.
775 4101 797 4138 s
794 4102 862 4206 τιὸ
867 4082 946 4150 σκηνή
969 4084 1029 4146 743,
1037 4085 1084 4138 35:
1078 4080 1190 4205 ὶεἶτα
1188 4081 1256 4151 μετὰ
1238 4082 1486 4207 ιΞτήνδύρχήηετφαν

202 4153 315 4293 Ξημήηη
333 4174 447 4296 πηὸς
418 4246 449 4278 so
441 4174 560 4282 Ἥρην,
587 4154 750 4225 τετράγωνον
777 4173 835 4206 οικο
851 4174 941 4223 ομημα
969 4153 1045 4207 κενόν
1072 4152 1106 4206 ἐπ
1142 4161 1190 4206 τον
1207 4157 1303 4224 μέσαι
1440 4175 1484 4207 ται

310 4299 330 4366 ⁴¹)
350 4299 384 4351 cf.
406 4298 531 4352 Zonaras
556 4298 699 4385 personati
724 4297 834 4351 lexicon
856 4297 932 4351 1062.
952 4314 1013 4350 s..v
1032 4294 1180 4364 aptae*
1167 4303 1249 4362 ητοῦ
1234 4296 1391 4367 νδεάτρου.
1409 4298 1483 4381 μέχρι

203 4368 281 4420 νύν
266 4368 319 4420 απὸ
341 4372 386 4434 τήν
404 4367 573 4437 τραπέζης’
556 4368 717 4505 ωνάμσσται,
700 4365 827 4420 ιδιά
798 4387 829 4420 το
849 4366 886 4420 ἐπ’
910 4369 987 4433 αὐτῆς
1005 4365 1039 4419 τὰ
1044 4367 1116 4456 θύη
1130 4387 1163 4435 με
1182 4369 1297 4430 τίζσηθα
1279 4371 1390 4421 ιτοντέ
1391 4388 1434 4420 στι
1423 4365 1482 4419 ιτά

202 4436 358 4527 θνήμενα
347 4443 453 4511 ιερεῖ·α
472 4433 643 4511 τράπεζαήν
644 4437 705 4506 ,ἐφ
735 4431 765 4504 ἧς
783 4438 891 4495 ἑστῶτες
914 4437 943 4490 ἐν
959 4439 1014 4494 τοῖς
1037 4439 1126 4510 ἄγραις
1149 4369 1222 4510 ήδον,
1245 4436 1326 4505 μήπω
1343 4437 1395 4502 τάξ
1395 4460 1421 4491 ιν
1379 4436 1484 4502 ξλα-

203 4511 250 4580 βοά
251 4531 296 4577 cqc
313 4531 427 4581 τραγῳι
381 4507 468 4567 ωιδάι.
504 4513 611 4566 Eadem
631 4511 717 4564 verba
735 4510 941 4564 inveniuntur
933 4526 962 4563 ru
982 4511 1074 4580 Etym
1093 4511 1128 4564 hl.
1149 4493 1166 4563 λ.
1180 4527 1236 4564 ss
