3190 4944
616 263 837 322 ..51-

89 438 243 520 xw960c91)
268 438 418 501 έλαύσατο
441 445 602 519 ποταμοῖς.
639 440 741 502 ἔπειτα
763 437 799 501 τὸ
823 438 939 511 ξόανον
961 438 1071 520 λαβὼν
1094 439 1137 508 εἰς
1155 437 1369 519 Τυνδαρίδα

88 527 309 609 τῆςΣικελίας
331 528 470 608 ἀφίκετο.
517 529 549 591 οῖ
571 528 606 591 δὲ
629 528 792 610 ἐπιχώριοι
815 526 871 609 τὴν
892 525 974 590 θεὰν
996 527 1086 598 ἰδίοις
1107 528 1262 609 ποιήμασι
1284 525 1368 590 καθ-

89 617 279 698 υμνήσαντες
309 616 376 679 ἔθει
406 615 462 698 τὴν
487 617 618 700 πρώτην
648 617 831 698 παρέδοσαν
860 617 989 698 εὕρεσιν.
1013 653 1058 662 -
1088 616 1302 698 ἀληθέστερον
1333 616 1371 679 δέ

89 729 181 786 φασιν
204 707 236 769 οἱ
257 705 398 786 λέγοντες
420 706 454 768 έν
476 705 651 787 Σικελίᾳ
679 706 740 788 μὲν
762 705 940 788 εὑρεθῆναι,
966 705 1078 786 τρόπῳ
1101 729 1136 786 γε
1157 704 1223 788 μὴν
1246 705 1369 786 τοιῷδε.

89 795 225 864 στάσεώς
247 817 323 857 ποτε
346 796 379 858 έν
398 794 699 876 Συρακούσαις
722 796 893 878 γενομένης
915 793 969 857 καί
990 795 1117 858 πολλῶν
1139 794 1276 858 πολιτῶν
1300 791 1367 857 δια-

88 884 278 966 φθαρέντων
300 883 392 966 μόλις
418 884 451 946 τέ
472 907 548 947 ποτε
571 886 615 954 είς
638 884 791 966 ὁμόνοιαν
814 884 1033 948 συνελθόντων
1056 883 1165 956 ἔδοξεν
1187 882 1370 966 ἡἌρτεμις

87 974 164 1035 αι’τία
191 979 247 1055 τῆς
276 972 443 1055 διαλλαγῆς
473 973 640 1054 γεγονέναι.
686 979 751 1036 τῶν
779 972 837 1036 οὖν
866 973 1028 1054 ἀγροίκων
1051 972 1142 1055 δῶρα
1166 973 1371 1054 κομισάντων

88 1062 136 1124 ἐπὶ
157 1068 224 1132 ταῖς
248 1061 425 1142 διαλλαγαῖς
447 1061 501 1124 καὶ
523 1061 579 1145 τὴν
601 1061 682 1126 θεὰν
705 1062 955 1144 ἀνυμνησόντων
969 1068 1036 1132 ταῖς
1059 1062 1220 1144 ἀγροίκοις
1239 1060 1371 1125 ἐκείνων

88 1150 186 1232 ᾠδαῖς
208 1150 307 1214 τόπον
330 1151 461 1232 ὕστερον
484 1150 612 1214 ἔδωκαν
634 1151 688 1214 καλ
711 1151 891 1233 συνήθειαν.

196 1243 225 1301 3.
250 1239 295 1302 ὅτι
322 1237 554 1322 Θεόκριτος
577 1240 596 1302 6
617 1245 682 1304 τῶν
704 1239 742 1302 τὰ
764 1239 939 1321 βουκολικδ
967 1240 1221 1322 συγγραψάντων
1243 1240 1370 1320 ἄριστος

89 1328 314 1410 Συρακούσιος
329 1330 378 1392 ὢν
392 1327 428 1392 τδ
445 1330 535 1410 γένος
549 1330 669 1410 πατέρα
684 1331 755 1411 έσχε
770 1328 997 1411 Πραξαγόραν,
1013 1330 1133 1412 μητέρα
1151 1328 1186 1392 δὲ
1206 1326 1371 1413 Φιλίνανέ)

90 1418 130 1481 Τδ
154 1417 215 1500 γὰρ
238 1416 422 1500 Σιμιχίδαέ)
446 1418 484 1482 οὐ
507 1424 563 1482 τοιῖ
586 1417 707 1500 πατρὸς
729 1419 842 1500 ὄνομα,
866 1418 932 1481 ἀλλ’
957 1418 1054 1481 αὐτοῦ
1078 1441 1174 1500 φασιν
1197 1418 1370 1498 ἐπώνυμον

87 1506 162 1570 εἶναι
177 1523 185 1538 ·
202 1505 241 1589 ἦν
265 1506 326 1587 γάρ
348 1506 405 1589 τὴν
428 1507 497 1588 ῥῖνα
522 1507 621 1589 σιμός.
646 1508 766 1589 ἐγένετο
790 1507 825 1570 δὲ
848 1506 1007 1592 ἀκουστὴς
1025 1507 1144 1590 Φιλητᾶ
1166 1507 1220 1570 καὶ
1238 1506 1368 1589 Ἀσκλη-

86 1596 212 1668 πιάδου,
236 1593 284 1659 ὧν
306 1595 361 1658 καλ
378 1598 579 1678 μνημονεύει.
603 1598 728 1679 ἤκμασε
744 1596 779 1660 δὲ
802 1597 835 1660 ἐν
857 1601 922 1666 τοῖς
944 1595 1072 1679 χρόνοις
1087 1596 1288 1677 Πτολεμαίου
1312 1601 1372 1658 τόδ

88 1685 310 1768 ἐπικληθέντος
332 1683 514 1769 Λαγωοῦέ)
548 1686 621 1767 περὶ
651 1686 686 1750 δέ
708 1685 765 1768 τὴν
787 1691 852 1748 τῶν
873 1685 1076 1768 βουκολικῶν
1098 1687 1224 1768 ποίησιν
1247 1683 1371 1766 εὗφυὴς

88 1775 258 1856 γενόμενος
287 1774 405 1856 πολλῆς
437 1775 533 1857 δόξης
564 1776 700 1857 ἐπέτυχε.
734 1774 815 1838 κατὰ
846 1780 924 1856 γοῦν
954 1797 1039 1845 τινας
1061 1775 1210 1857 Μόσχος·
1228 1773 1264 1838 τδ
1294 1773 1371 1854 πρλν

88 1863 284 1945 καλούμενος
311 1861 481 1944 Θεόκριτος
509 1864 697 1946 ὠνομάσθη.
733 1865 765 1927 οῖ
794 1863 829 1928 δὲ
860 1863 893 1926 ἐν
922 1870 987 1934 τοῖς
1016 1863 1144 1945 χρόνοις
1166 1862 1368 1945 Πτολεμαίου

87 1959 141 2016 τοῦ
162 1952 363 2034 Φιλαδέλφου
387 1953 484 2034 φασὶν
507 1953 657 2034 ἀκμάσαι,
682 1955 718 2022 ὃς
737 1952 777 2034 δὴ
793 1957 867 2022 παῖς
882 1951 922 2034 ἦν
937 1952 1138 2034 Πτολεμαίου
1154 1958 1210 2016 τοῦ
1225 1952 1372 2034 Λαγωοῦ

89 2041 139 2104 καί
154 2041 329 2124 Βερενίκης
350 2048 405 2124 τῆς
413 2041 593 2122 Ἀντιγόνου
616 2042 785 2124 θυγατρός.
821 2041 896 2103 έπτά
921 2041 957 2104 δέ
979 2065 1075 2124 φασιν
1098 2042 1131 2105 ἐν
1154 2042 1284 2111 έκείνοις
1306 2046 1371 2110 τοῖς

88 2130 215 2212 χρόνοις
239 2131 380 2213 ἀκμάσαι
402 2129 534 2214 ποιητὰς
556 2131 712 2212 ἀρίστους,
744 2133 801 2200 οὓς
830 2130 964 2194 πλειάδα
994 2131 1128 2194 ἐκάλουν
1159 2130 1210 2194 διό
1233 2129 1268 2193 τό
1292 2130 1368 2192 ἑπτὰ

89 2221 171 2283 εἶναι.
196 2217 245 2283 ὧν
257 2219 296 2282 τὰ
320 2221 462 2301 ὀνόματά
477 2221 534 2284 είσι
548 2225 667 2283 ταῦτα·
688 2218 859 2300 Θεόκριτος
881 2216 983 2300 οὗτος,
1001 2219 1135 2301 Ἄρατος
1157 2220 1176 2281 6
1194 2219 1231 2298 τὰ
1252 2219 1368 2282 Φαινό-

89 2333 166 2390 μενα
191 2309 320 2390 γράψας
342 2309 397 2372 καί
419 2311 516 2391 έτερα,
537 2308 722 2390 Νίκανδρος
731 2307 756 2393 ⁶)
780 2308 947 2391 Αἰαντίδης
970 2309 988 2371 6
1010 2307 1048 2370 τὰ
1068 2307 1216 2390 Θηριακὰ
1231 2331 1368 2390 συγγρα-

89 2399 234 2480 ψάμενος
261 2395 305 2482 (οῑ
335 2398 370 2461 δὲ
404 2398 471 2461 ἀντὶ
503 2398 616 2462 τούτου
640 2398 853 2461 Ἀπολλώνιόν
888 2420 966 2480 φασι
999 2395 1053 2460 τδν
1086 2397 1123 2459 τὰ
1142 2396 1369 2479 Ἀργοναυτικά

90 2485 338 2570 συγγράψαντα),
367 2486 502 2569 Φίλικος,
522 2486 669 2570 Ὅμηρος
692 2488 710 2550 6
733 2488 813 2568 νέας,
837 2487 985 2568 τραγικός
1007 2485 1082 2571 (ἔστι
1105 2486 1165 2569 γὰρ
1189 2486 1242 2549 καί
1265 2487 1370 2568 ἕτερος

85 2575 238 2659 Ὅμηρος,
263 2574 363 2657 οὗπερ
385 2575 440 2640 τόν
459 2575 610 2641 Ἡσίοδον
633 2576 800 2658 ίσόχρονον
814 2577 957 2648 τίθενται,
982 2576 1080 2655 ἀλλ’θ)
1104 2575 1142 2639 οὗ
1166 2574 1220 2638 τόν
1235 2573 1372 2638 παλαιδν

85 2663 240 2748 Ὅμηρον,
257 2665 325 2728 ἀλλ’
343 2667 449 2746 ἕτερον
464 2668 531 2748 μετ’
547 2661 687 2749 ἐκεῖνον),
705 2665 927 2747 Ἀνδρομάχης
935 2667 956 2745 τ)
972 2664 1155 2738 Βυζάντιος,
1172 2667 1208 2735 ὃς
1224 2664 1370 2747 δράματα
1468 2735 1476 2748 χ

90 2755 266 2836 συνέθηκεν
289 2756 327 2828 ζ’,
350 2755 404 2818 καί
426 2755 616 2837 Λυκόφρων
640 2756 659 2819 6
680 2754 738 2838 τὴν
756 2754 967 2836 Ἀλεξάνδρου
989 2754 1185 2837 συγγράψας.
1209 2791 1254 2800 -

195 2843 274 2923 ότιθ)
298 2844 352 2907 καὶ
374 2845 557 2926 ἐπίγραμμα
581 2845 708 2927 φέρεται
731 2846 774 2914 εἰς
801 2842 973 2925 Θεόκριτον
993 2843 1066 2906 τόδε
1089 2863 1096 2876 ·

296 2932 406 3002 Ἄλλος
430 2933 448 2995 6
470 2932 561 3002 Χῖος.
607 2934 671 3014 ἐγὼ
696 2933 731 2996 δὲ
758 2931 937 3014 Θεόκριτος,
961 2934 997 3002 ὃς
1019 2932 1089 2994 τάδ’
1118 2934 1252 3014 ἔγραψα,

356 3021 399 3092 εἷς
422 3021 486 3084 ἀπὸ
508 3028 573 3085 τῶν
594 3023 723 3085 πολλῶν
746 3024 807 3103 εἶμι
830 3022 1052 3103 Συρακοσίων,

303 3110 372 3181 υίδς
393 3109 613 3192 Πραξαγόρου
636 3107 858 3194 περικλειτῆςθ)
881 3135 913 3174 τε
940 3110 1075 3193 Φιλίνης,

356 3206 482 3282 μοῦσαν
506 3200 538 3262 δ’
565 3201 694 3282 ὀθνείην
716 3201 815 3263 οὔτιν’
841 3201 1074 3282 έφελκυσάμην.

195 3292 226 3350 4.
247 3289 293 3351 ότι
316 3290 336 3370 ἡ
360 3288 534 3372 βουκολικὴ
558 3290 691 3371 ποίησις,
715 3290 827 3369 καίπερ
852 3289 890 3352 οὐ
909 3288 1012 3371 μόνον
1021 3287 1059 3367 10)
1082 3288 1267 3371 βουκολικά,
1291 3286 1372 3350 ἀλλὰ

90 3379 142 3440 καὶ
164 3376 313 3440 αι’πολικά
336 3379 390 3442 καὶ
412 3377 579 3460 παιμενικὰ
602 3379 791 3460 περιέχουσα
814 3377 869 3440 καί
890 3378 985 3459 μικτὰ
1010 3378 1101 3459 ὅμως
1121 3376 1186 3440 ἀπὸ
1200 3382 1265 3440 τῶν
1279 3378 1371 3458 βοῶν

91 3467 357 3548 έπικρατεστέρων
372 3469 475 3534 ὄντων,
494 3469 627 3550 ἔσχηκεν
636 3468 674 3546 11)
697 3467 754 3549 τὴν
775 3466 954 3549 ἐπιγραφὴν
968 3465 1144 3549 βουκολικὰ
1167 3465 1372 3548 κληθεῖσα.”)

197 3624 216 3693 1)
236 3621 374 3694 διαχὼροιε
383 3623 466 3694 ταῖς,
478 3625 551 3679 aliae
560 3641 620 3680 var.
629 3625 695 3680 leet.
705 3618 843 3693 διαφόροις
852 3622 965 3694 (recept.
976 3625 1012 3679 ab
1023 3623 1172 3692 Ahrensio)
1182 3626 1212 3678 ot
1222 3620 1266 3675 διὰ
1275 3620 1371 3692 χώρας.

196 3696 218 3760 9)
238 3693 355 3763 φιλίνανι
374 3695 451 3764 prius
469 3715 485 3747 ν
502 3697 532 3750 in
551 3710 620 3750 corr.

197 3766 217 3834 ³)
236 3763 354 3834 σιμιχίδα
371 3767 490 3836 primum
508 3787 519 3817 ι
537 3783 572 3821 ex
589 3787 604 3816 v
623 3781 693 3821 corr.

197 3839 218 3904 4)
236 3837 329 3907 Λάγον
348 3836 430 3892 Dind.
449 3837 516 3894 Ahr.
535 3837 581 3907 (cf.
600 3837 692 3905 infra).

124 3981 129 3999 1
197 3911 217 3979 ⁶)
237 3908 432 3998 eqrrigendum
452 3909 617 3996 ¹secundun}
648 3908 773 3963 'I'zetzae
803 3907 928 4031 ρὲοίορρ.
961 3908 998 3963 ad
1025 3908 1166 3979 Lycophr.
1194 3924 1221 3978 p.
1239 3906 1293 3961 263
1320 3907 1370 3962 Μ.;

92 3977 270 4121 Νικαγδλλλά
286 3979 937 4122 ἀιλιεῖίάέαλλλωσίιζγάίίέέέίέοθέρείλληπλίίάνδροι
950 4046 1084 4117 αῖαντίδητ
1096 4048 1202 4119 ὅμηροι.
1232 4049 1290 4105 Νεο
1302 4065 1371 4104 vero

92 4139 207 4178 neeesse
226 4125 269 4177 ost
288 4124 324 4178 ab
343 4123 399 4177 alia
417 4138 503 4176 manu
522 4121 593 4176 haec
611 4140 673 4178 esse
692 4123 805 4194 scripta.
1020 4135 1023 4142 ·

200 4195 219 4260 ⁷)
238 4189 357 4246 ἀνδοά
389 4194 448 4249 ein
467 4209 527 4248 mar
548 4194 640 4249 'nere
661 4198 691 4249 et

197 4265 217 4404 ε)
235 4209 675 4407 ίιῗέίίῑιυαλκλι
693 4237 820 4335 νεῖν
837 4265 927 4335 νυ
1153 4347 1156 4352 ·

187 4408 219 4545 ἰ)
237 4403 631 4546 ιιαιιιιαιιηκ

187 4550 218 4620 12)
236 4557 303 4619 post
320 4548 449 4616 κληθεῖσα
468 4551 521 4606 del.
540 4548 670 4621 βονκολος.
