3190 4944
641 249 862 306 --89-

111 431 294 505 χαρακτῆρα
318 429 373 486 τοῦ
397 424 494 503 λόγου
523 424 752 504 σκοπούμενον,
785 424 821 486 εί
842 424 1060 505 γλαφυρός
1084 425 1195 486 ἐστιν
1219 427 1238 506 ἢ
1263 425 1392 506 ἁδρὸς

7 567 8 600 χ
111 516 129 594 ἢ
154 513 283 595 ξηρὸς
307 515 326 594 ἢ
349 519 421 594 τῆς
444 514 589 594 ἰσχνῆς
610 514 783 594 μετέσχηκε
806 513 935 594 φύσεως
952 531 958 544 ’
976 514 1004 575 εἰ
1024 514 1174 594 κέκραται
1190 513 1285 594 ὅλως,
1303 517 1322 595 ἢ
1339 515 1392 577 καὶ

111 603 240 682 εὐφυῶς
262 603 420 682 κέκραται,
446 604 465 683 ἢ
489 603 711 682 μουσικώτατα
734 602 790 682 τὴν
814 607 925 682 κρᾶσιν
949 603 1099 682 ἐκτήσατο
1116 620 1122 634 ·
1139 601 1178 665 σὺ
1200 602 1260 683 μὲν
1283 604 1392 684 βούλει

110 691 253 752 τάναντία
269 691 370 752 πάντα
387 691 601 772 κεράννυσθαι
615 696 776 774 τεχνικῶς,
789 691 842 752 καί
854 691 901 759 ῶς
912 691 999 771 παρὰ
1011 690 1172 754 Πλάτωνα
1187 691 1391 773 δημιουργός,

111 782 153 849 είς
183 781 238 841 ἕνα
270 787 411 861 κρατῆρα
444 780 681 861 συμμίγνυσθαι
711 781 820 843 οὐσίαν
838 798 844 812 ·
860 779 1040 862 ταυτότητα,
1064 780 1236 862 ἑτερότητα,
1260 781 1390 862 κίνησιν,

110 869 224 931 στάσιν.
278 872 438 930 Praeterea
470 872 545 928 illud
577 869 675 950 ξηρός
706 872 942 948 comparandum
974 875 1022 930 est
1053 890 1120 929 cum
1156 873 1237 929 sicco
1274 873 1391 930 dicendi

7 939 8 1006 λ
111 979 226 1034 genere.
253 961 334 1034 quod
359 965 574 1019 commemorat
597 961 769 1018 Macrobius
793 963 824 1018 in
842 962 904 1019 Sat.
926 961 960 1028 V,
983 961 1008 1033 1,
1026 962 1054 1019 7.
1089 961 1201 1018 Attulit
1219 961 1390 1019 Schmidius

112 1050 148 1106 ad
181 1049 362 1106 sententiam
394 1067 482 1107 suam
513 1050 751 1107 confirmandam
784 1050 893 1113 locum.
924 1068 1013 1124 quem
1037 1051 1183 1125 scriptum
1208 1050 1335 1124 legimus
1360 1051 1391 1107 in

112 1139 231 1212 Syriani
255 1155 332 1212 quae
356 1138 451 1196 fertur
460 1136 484 1214 1)
508 1139 537 1195 in
556 1139 692 1213 Hermog.
716 1137 787 1214 περὶ
808 1137 903 1198 ίὸεῶν
918 1139 1107 1214 praefatione
1123 1157 1150 1214 p.
1169 1139 1390 1206 calceans:

111 1222 157 1286 ὧν
181 1225 224 1293 εἷς
247 1225 327 1286 ἐστιν
351 1225 369 1287 ὁ
393 1224 578 1294 Διονύσιος·
596 1221 688 1294 οὗτος
717 1225 777 1306 γὰρ
798 1231 880 1306 τρεῖς
903 1224 979 1288 εἶναι
1002 1225 1204 1307 χαρακτῆρός
1226 1249 1312 1308 φησι,
1336 1225 1391 1287 τὸν

48 1380 53 1390 ,
111 1312 217 1394 ἰσχνὸν
240 1313 296 1376 τὸν
315 1315 414 1394 μέσον
430 1312 484 1375 τὸν
502 1314 601 1394 ἁδρόν
618 1333 624 1345 ·
642 1315 660 1377 ὁ
678 1314 712 1377 δὲ
723 1313 897 1395 Ἵππαρχος
912 1315 1102 1396 προστίθησι
1117 1314 1170 1376 τόν
1185 1338 1218 1376 τε
1234 1314 1392 1394 γραφικὸν

111 1402 163 1463 καὶ
193 1401 247 1464 τὸν
279 1402 528 1484 ἀνθηρόν’ό
553 1403 588 1465 δὲ
612 1403 854 1485 Δημήτριος
885 1403 1027 1484 ἐκβάλλει
1058 1403 1111 1465 τὸν
1143 1402 1300 1484 γραφικόν
1328 1409 1391 1472 τοῖς

109 1492 249 1571 τέτρασιν
265 1491 488 1573 ἀρεσκόμενος.
521 1496 603 1565 Quae
619 1497 713 1554 verba
730 1495 899 1553 Schmidius
924 1495 941 1553 l.
959 1513 982 1552 s.
1000 1514 1023 1552 s.
1048 1514 1075 1570 p.
1097 1495 1157 1552 143
1182 1496 1220 1551 ad
1237 1498 1391 1553 auctorem

7 1649 8 1672 η
111 1582 203 1640 libelli
237 1580 308 1660 περὶ
343 1581 511 1662 ἑρμηνείας
546 1585 643 1642 refert.
703 1586 767 1654 Quo
804 1586 867 1642 iure
901 1585 958 1642 hoc
993 1584 1106 1648 iecerit,
1144 1602 1204 1641 non
1239 1584 1390 1658 intellego.

7 1695 8 1706 ν
112 1673 278 1746 Dionysius
303 1691 322 1729 a
339 1673 467 1747 Syriano
491 1677 655 1748 personato
672 1677 925 1732 commemoratus
942 1673 1074 1730 fortasse
1092 1677 1139 1731 est
1155 1673 1390 1730 Halicarnassus

111 1760 160 1817 ille
184 1761 454 1835 praeclarissimus.
501 1762 565 1819 Hoc
597 1764 624 1820 si
648 1781 750 1821 verum
780 1769 835 1826 est.
861 1763 1065 1838 Hipparchum
1090 1768 1162 1836 post
1185 1763 1269 1818 illum
1293 1762 1391 1819 luisse

7 1903 8 1928 χ
107 1853 158 1906 est
189 1851 393 1907 statuendum.
448 1851 552 1925 Neque
583 1869 655 1908 vero
688 1852 746 1909 dici
778 1855 888 1926 potest,
922 1852 1062 1926 quisnam
1093 1851 1185 1908 fuerit
1212 1852 1390 1912 Demetrius

7 1945 8 1964 ¹
110 1938 175 1995 Hoc
205 1941 306 1995 autem
340 1956 407 1995 mea
440 1940 561 2013 quidem
591 1941 743 1998 sententia
767 1943 897 2006 constet,
924 1942 959 1996 de
984 1944 1109 1997 auctore
1132 1937 1203 2017 περὶ
1227 1938 1392 2018 ἑρμηνείας

7 2043 8 2090 3
110 2027 230 2084 minime
262 2045 330 2085 esse
363 2027 566 2100 cogitandum.
620 2029 696 2084 Nam
732 2030 810 2086 male
842 2028 916 2085 illud
952 2030 1070 2104 accidit,
1107 2029 1188 2102 quod
1221 2029 1391 2086 Schmidius

7 2123 8 2186 ζ
111 2113 213 2175 δεινόν
237 2135 256 2172 a
278 2116 429 2174 Demetrio
453 2115 524 2195 περὶ
548 2115 715 2196 ἑρμηνείας
739 2121 1004 2175 commemoratum
1029 2118 1106 2174 idem
1124 2135 1192 2174 esse
1209 2119 1283 2175 dicit
1298 2121 1391 2193 atque
1495 2131 1499 2140 '

7 2205 8 2230 ¹
110 2205 255 2263 Macrobii
287 2206 376 2262 breve
404 2205 522 2263 dicendi
553 2225 657 2280 genus
689 2207 799 2264 Eodem
832 2207 921 2264 modo
946 2207 1062 2274 dubito,
1088 2207 1167 2263 sitne
1191 2211 1299 2264 auctor
1321 2204 1392 2285 περὶ

7 2303 8 2310 ’
105 2292 277 2372 ,ἑρμηνείας
308 2295 334 2350 is
359 2294 537 2362 Demetrius
573 2296 609 2352 de
633 2313 693 2370 quo
718 2296 852 2353 Joannes
878 2294 963 2352 Sicel.
988 2296 1070 2369 apud
1094 2295 1245 2352 Walzium
1269 2295 1329 2354 vol.
1355 2297 1392 2353 VI

7 2379 8 2394 ¹
107 2400 136 2456 p.
163 2383 200 2442 71
228 2383 303 2439 haec
328 2383 414 2441 dicit:
448 2380 525 2443 ἀλλὰ
556 2382 678 2443 τούτων
708 2381 782 2463 τῇδε
811 2382 949 2462 ἐχόντων
973 2381 1027 2442 καὶ
1049 2387 1114 2449 τοῖς
1135 2381 1214 2460 τρισὶ
1239 2405 1389 2462 συμπερι-

108 2469 303 2549 ορισθέντων
326 2475 391 2532 τῶν
411 2471 623 2552 χαρακτήρων
639 2471 668 2532 εἰ
681 2471 734 2532 καὶ
749 2470 881 2551 μάλιστα
905 2470 1149 2551 Δημήτριος
1174 2470 1392 2550 ἐπεισάγει

7 2577 8 2648 J
107 2557 179 2619 τὸν
211 2558 397 2640 ἀνθηρὸν
429 2561 532 2622 ὄντα.
581 2563 663 2632 Quae
695 2580 762 2620 cum
795 2562 839 2619 ita
871 2563 942 2628 sint,
969 2579 1006 2618 ex
1030 2561 1172 2619 Demetrii
1196 2559 1267 2640 περὶ
1291 2561 1390 2641 ἑρμη-

109 2647 192 2715 νείας
224 2650 324 2708 libello
356 2652 430 2708 nihil
454 2652 606 2709 lucramur
630 2652 669 2709 ad
692 2652 793 2709 floridi
817 2651 934 2709 dicendi
958 2651 1075 2722 generis
1100 2651 1259 2708 historiam
1284 2653 1391 2708 adum-

110 2739 264 2795 brandam.
1217 2743 1219 2748 '

141 2844 144 2848 ·
217 2828 275 2884 Sed
293 2829 375 2886 aliud
400 2832 447 2886 est
463 2831 724 2888 considerandum.
764 2831 867 2888 Genus
893 2830 971 2887 enim
995 2829 1136 2886 floridum
1154 2830 1234 2903 apud
1251 2830 1391 2886 Proclum

107 2916 167 2972 hoo
183 2917 272 2974 modo
290 2918 482 2975 describitur:
507 2916 639 2997 ἁρμόζει
662 2916 697 2979 δὲ
720 2918 948 2997 τοπογραφίαις
971 2915 1025 2977 καὶ
1047 2915 1215 2996 λειμώνων
1240 2917 1259 2996 ἢ
1285 2915 1391 2978 ἀλσῶν

106 3001 299 3083 ε’κφράσεσιν
323 3009 354 3064 et
376 3003 521 3085 ἀνθηρὸν
539 3005 573 3067 δὲ
588 3005 715 3085 λέγεται,
740 3006 784 3067 ὅτι
802 3005 933 3085 ἁρμόζει
955 3005 1087 3085 μάλιστα
1103 3002 1185 3084 πρὸς
1201 3005 1391 3084 ἀπαγγελίαν

7 3143 8 3159 .
108 3091 275 3172 λειμώνων
298 3092 351 3154 καὶ
374 3093 512 3156 ἀνθέων.
537 3094 705 3174 ἐκφράσεις
729 3101 830 3154 autem
855 3096 979 3154 saeculo
1003 3115 1031 3171 p.
1056 3096 1121 3154 Chr.
1147 3115 1174 3154 n.
1199 3097 1294 3171 primo
1321 3113 1390 3153 exe-

79 3211 83 3220 ·
109 3187 182 3240 unte
206 3187 237 3240 et
253 3184 348 3241 altero
365 3185 486 3242 ineunte
510 3185 656 3260 imprimis
681 3189 754 3242 sunt
778 3186 948 3246 adamatae.
989 3186 1030 3242 Of.
1051 3204 1095 3254 ea,
1123 3203 1201 3260 quae
1219 3185 1390 3243 Schmidius

108 3272 128 3330 l.
146 3289 169 3329 s.
187 3290 210 3330 a.
234 3290 261 3346 p.
282 3273 343 3331 159
368 3274 456 3331 dicit:
482 3275 564 3350 ‘Eine
589 3292 624 3331 so
649 3275 836 3332 bedentende
852 3275 947 3342 Rolle,
974 3275 1032 3332 dass
1050 3293 1120 3332 man
1143 3275 1173 3332 in
1191 3275 1390 3332 stilistischen

105 3361 329 3435 Erdrterungen
360 3363 414 3420 auf
444 3364 488 3420 sie
512 3363 680 3420 Rheksicht
710 3381 748 3420 zu
776 3365 904 3422 nehmen
926 3365 1086 3421 veranlallt
1117 3381 1195 3431 war,
1230 3364 1320 3438 spielt
1344 3365 1391 3421 dio

7 3485 8 3488 =
110 3448 263 3527 ἔκφρασις
287 3450 364 3508 doch
388 3456 450 3509 erst
473 3452 532 3508 seit
555 3452 636 3509 Ende
660 3452 713 3509 des
742 3453 887 3512 1.Jahrh.
910 3470 939 3509 n.
965 3453 1030 3511 Chr.
1054 3453 1133 3511 Dion
1154 3452 1390 3527 chrysostomos

109 3539 159 3606 ist,
194 3557 229 3596 so
253 3539 314 3596 viel
336 3540 393 3596 wir
417 3541 538 3608 missen,
573 3541 624 3599 der
648 3543 737 3608 erste,
770 3542 901 3598 welcher
924 3543 990 3599 eine
1014 3540 1166 3620 ἔκφρασις
1189 3543 1243 3598 des
1268 3542 1391 3616 Tempe·

109 3628 170 3684 tals
195 3627 242 3685 als
266 3629 443 3702 gesonderte
461 3629 573 3687 Schrift
588 3629 835 3703 herausgegebcn
851 3630 913 3688 hat.
950 3631 1014 3689 Seit
1029 3631 1144 3705 Beginn
1166 3632 1218 3688 des
1243 3631 1271 3687 2.
1287 3631 1390 3688 Jahrh.

7 3715 8 3727 ¹
109 3735 137 3773 n.
154 3716 220 3774 Ohr.
245 3717 395 3775 erscheint
411 3718 458 3774 die
482 3717 635 3796 ἔκφρασις
659 3719 839 3792 regelmbllig
855 3720 885 3776 iu
902 3720 959 3777 den
976 3717 1252 3794 Progymnasmen?
1287 3719 1389 3776 Veluti

110 3806 256 3880 scriptum
287 3805 414 3878 legimus
439 3807 469 3863 in
493 3825 528 3865 eo
553 3807 749 3880 Hermogenis
774 3812 1073 3883 progymnasmatum
1098 3809 1205 3882 capite,
1241 3808 1321 3882 quod
1346 3809 1391 3864 in-

7 3901 8 3974 η
111 3894 252 3951 scribitur
274 3891 346 3972 περί
369 3892 558 3972 ε’κφράσεως
581 3897 654 3954 rhet.
672 3897 720 3954 Gr.
737 3898 796 3955 vol.
814 3897 846 3954 ll.
871 3915 898 3972 p.
920 3898 968 3963 16,
995 3898 1035 3954 35
1061 3897 1127 3972 Sp:
1152 3895 1195 3956 ἂν
1219 3893 1391 3975 ἀνθηρὸν

7 3979 8 4008 ¹
109 3979 148 4042 τὸ
171 3985 339 4061 πρᾶγμα,
369 3981 462 4044 ἔστω
486 3981 550 4043 καλ
573 3983 592 4064 ἡ
616 3983 716 4055 λέξις
739 3983 907 4064 τοιαύτη,
937 3985 976 4045 ἂν
999 3982 1168 4065 αὐχμηρὸν
1190 3982 1226 4044 τὸ
1249 3988 1390 4064 πρᾶγμα,

7 4143 8 4146 ¹
110 4069 190 4131 έστω
214 4069 267 4130 καί
290 4070 309 4150 ἡ
333 4069 414 4140 λέξις
436 4071 648 4152 παραπλησία.
696 4075 728 4132 Si
759 4076 925 4133 secundum
957 4092 1002 4142 ea,
1034 4093 1111 4150 quae
1143 4075 1243 4132 adhuc
1267 4076 1390 4133 demon-

218 4245 235 4310 ¹)
257 4244 291 4298 cf.
313 4245 440 4298 Rnbeum
465 4244 508 4299 ed.
534 4246 622 4315 praet.
642 4263 667 4316 p.
688 4247 733 4312 VI,
754 4247 833 4300 cuius
852 4247 1024 4301 sententiam
1043 4248 1207 4316 comprobat
1226 4246 1391 4302 Hammcrus

7 4305 8 4317 ¹
109 4314 138 4367 in
156 4315 287 4368 Bursiani
315 4316 499 4370 relationibus
528 4333 593 4371 ann.
613 4318 668 4371 vol.
687 4318 723 4371 83
750 4334 776 4389 p.
799 4318 857 4382 146,
876 4318 1058 4372 Haeberlinus
1086 4320 1114 4370 in
1134 4320 1275 4388 ephemer.
1294 4319 1391 4388 philol.

107 4385 189 4442 class.
212 4385 359 4452 1893‚346‚
380 4387 504 4442 Blassius
524 4388 552 4441 in
571 4388 625 4442 litt.
646 4389 785 4458 ephemer.
806 4392 892 4443 oentr.
915 4388 990 4454 1893,
1001 4389 1061 4443 921.
1091 4389 1211 4442 Fuluius
1224 4389 1298 4442 hanc
1311 4405 1391 4459 prae·

107 4454 247 4597 ἶηθιιὸοὸηοω
264 4459 406 4583 Ιηηλτίύιιίτ
433 4459 663 4514 Phoebammoni.
702 4461 738 4514 cl.
758 4459 977 4514 Brinkmannum
1006 4461 1034 4513 in
1053 4476 1124 4514 mus.
1144 4459 1234 4513 Rhen.
1253 4460 1310 4514 vol.
1329 4460 1391 4514 LXI

215 4545 241 4599 p.
315 4573 320 4584 .
