<?xml version="1.0" encoding="UTF-8"?>
<!DOCTYPE html PUBLIC "-//W3C//DTD XHTML 1.0 Transitional//EN"
    "http://www.w3.org/TR/xhtml1/DTD/xhtml1-transitional.dtd">
<html xmlns="http://www.w3.org/1999/xhtml" xml:lang="en" lang="en">
 <head>
  <title>
</title>
<meta http-equiv="Content-Type" content="text/html;charset=utf-8" />
  <meta name='ocr-system' content='tesseract 3.04.00' />
  <meta name='ocr-capabilities' content='ocr_page ocr_carea ocr_par ocr_line ocrx_word'/>
</head>
<body>
  <div class='ocr_page' id='page_1' title='image "./deveterumartepo00kaysgoog_0041.png"; bbox 0 0 3190 4944; ppageno 0'>
   <div class='ocr_carea' id='block_1_1' title="bbox 724 209 946 274">
    <p class='ocr_par' dir='ltr' id='par_1_1' title="bbox 724 209 946 274">
     <span class='ocr_line' id='line_1_1' title="bbox 724 209 946 274; baseline 0.005 -24"><span class='ocrx_word' id='word_1_1' title='bbox 724 209 946 274; x_wconf 57' lang='lat'>-34..</span> 
     </span>
    </p>
   </div>
   <div class='ocr_carea' id='block_1_2' title="bbox 198 380 1482 640">
    <p class='ocr_par' dir='ltr' id='par_1_2' title="bbox 198 380 1482 640">
     <span class='ocr_line' id='line_1_2' title="bbox 198 380 1482 467; baseline 0.002 -21"><span class='ocrx_word' id='word_1_2' title='bbox 198 383 272 453; x_wconf 85' lang='grc' dir='ltr'><strong><em>τοὺς</em></strong></span> <span class='ocrx_word' id='word_1_3' title='bbox 295 380 424 464; x_wconf 82' lang='grc' dir='ltr'><strong><em>ἀγῶνας</em></strong></span> <span class='ocrx_word' id='word_1_4' title='bbox 453 383 506 446; x_wconf 83' lang='grc' dir='ltr'>καὶ</span> <span class='ocrx_word' id='word_1_5' title='bbox 529 383 586 464; x_wconf 81' lang='grc' dir='ltr'><strong><em>τὴν</em></strong></span> <span class='ocrx_word' id='word_1_6' title='bbox 609 384 757 466; x_wconf 84' lang='grc' dir='ltr'><strong><em>αἴσθησιν</em></strong></span> <span class='ocrx_word' id='word_1_7' title='bbox 788 384 827 446; x_wconf 86' lang='grc' dir='ltr'>οὐ</span> <span class='ocrx_word' id='word_1_8' title='bbox 859 391 914 466; x_wconf 84' lang='grc' dir='ltr'><strong><em>τῆς</em></strong></span> <span class='ocrx_word' id='word_1_9' title='bbox 944 386 1054 467; x_wconf 85' lang='grc' dir='ltr'><strong><em>τέχνης</em></strong></span> <span class='ocrx_word' id='word_1_10' title='bbox 1086 385 1166 447; x_wconf 78' lang='grc' dir='ltr'><strong><em>ἐστίν</em></strong></span> <span class='ocrx_word' id='word_1_11' title='bbox 1190 389 1221 444; x_wconf 93' lang='lat' dir='ltr'>et</span> <span class='ocrx_word' id='word_1_12' title='bbox 1243 404 1271 461; x_wconf 90' lang='lat' dir='ltr'>p.</span> <span class='ocrx_word' id='word_1_13' title='bbox 1291 386 1375 448; x_wconf 81' lang='lat'>1459</span> <span class='ocrx_word' id='word_1_14' title='bbox 1393 389 1412 444; x_wconf 95' lang='lat' dir='ltr'>b</span> <span class='ocrx_word' id='word_1_15' title='bbox 1430 387 1482 448; x_wconf 82' lang='lat'>19:</span> 
     </span>
     <span class='ocr_line' id='line_1_3' title="bbox 198 471 1480 555; baseline -0.002 -18"><span class='ocrx_word' id='word_1_16' title='bbox 198 479 254 537; x_wconf 85' lang='grc' dir='ltr'><strong><em>τοῦ</em></strong></span> <span class='ocrx_word' id='word_1_17' title='bbox 277 473 336 554; x_wconf 77' lang='grc' dir='ltr'>μέν</span> <span class='ocrx_word' id='word_1_18' title='bbox 361 471 418 536; x_wconf 85' lang='grc' dir='ltr'>οὗν</span> <span class='ocrx_word' id='word_1_19' title='bbox 441 474 568 555; x_wconf 82' lang='grc' dir='ltr'><strong><em>μήκους</em></strong></span> <span class='ocrx_word' id='word_1_20' title='bbox 584 473 661 554; x_wconf 87' lang='grc' dir='ltr'><strong><em>ὅρος</em></strong></span> <span class='ocrx_word' id='word_1_21' title='bbox 685 472 795 543; x_wconf 77' lang='grc' dir='ltr'><strong><em>ἱκανὸς</em></strong></span> <span class='ocrx_word' id='word_1_22' title='bbox 819 473 836 534; x_wconf 88' lang='grc' dir='ltr'>ὁ</span> <span class='ocrx_word' id='word_1_23' title='bbox 860 474 1036 554; x_wconf 83' lang='grc' dir='ltr'><strong><em>εἰρημένος.</em></strong></span> <span class='ocrx_word' id='word_1_24' title='bbox 1073 476 1190 545; x_wconf 85' lang='lat' dir='ltr'><strong>Quibus</strong></span> <span class='ocrx_word' id='word_1_25' title='bbox 1207 476 1356 551; x_wconf 86' lang='lat' dir='ltr'>expositis</span> <span class='ocrx_word' id='word_1_26' title='bbox 1374 494 1480 535; x_wconf 89' lang='lat' dir='ltr'>censeo</span> 
     </span>
     <span class='ocr_line' id='line_1_4' title="bbox 200 562 1481 640; baseline 0.002 -18"><span class='ocrx_word' id='word_1_27' title='bbox 200 567 354 624; x_wconf 75' lang='lat' dir='ltr'>auctorem</span> <span class='ocrx_word' id='word_1_28' title='bbox 378 565 463 622; x_wconf 90' lang='lat' dir='ltr'>illum</span> <span class='ocrx_word' id='word_1_29' title='bbox 487 566 632 622; x_wconf 82' lang='lat' dir='ltr'>incertum</span> <span class='ocrx_word' id='word_1_30' title='bbox 649 566 810 640; x_wconf 86' lang='lat' dir='ltr'>putavisse</span> <span class='ocrx_word' id='word_1_31' title='bbox 834 566 865 622; x_wconf 93' lang='lat' dir='ltr'>in</span> <span class='ocrx_word' id='word_1_32' title='bbox 880 565 1055 639; x_wconf 79' lang='lat' dir='ltr'>tragoediae</span> <span class='ocrx_word' id='word_1_33' title='bbox 1073 565 1249 640; x_wconf 83' lang='lat' dir='ltr'>definitione</span> <span class='ocrx_word' id='word_1_34' title='bbox 1265 566 1304 623; x_wconf 92' lang='lat' dir='ltr'>ab</span> <span class='ocrx_word' id='word_1_35' title='bbox 1320 562 1481 624; x_wconf 76' lang='lat' dir='ltr'>Aristotele</span> 
     </span>
    </p>
   </div>
   <div class='ocr_carea' id='block_1_3' title="bbox 197 651 1584 996">
    <p class='ocr_par' dir='ltr' id='par_1_3' title="bbox 197 651 1584 996">
     <span class='ocr_line' id='line_1_5' title="bbox 198 651 1584 732; baseline -0.001 -22"><span class='ocrx_word' id='word_1_36' title='bbox 198 653 320 728; x_wconf 90' lang='lat' dir='ltr'>prolata</span> <span class='ocrx_word' id='word_1_37' title='bbox 343 655 418 711; x_wconf 94' lang='lat' dir='ltr'>illud</span> <span class='ocrx_word' id='word_1_38' title='bbox 440 651 581 732; x_wconf 81' lang='grc' dir='ltr'><strong><em>μέγεθος</em></strong></span> <span class='ocrx_word' id='word_1_39' title='bbox 604 654 775 729; x_wconf 78' lang='lat' dir='ltr'>significare</span> <span class='ocrx_word' id='word_1_40' title='bbox 800 654 1026 712; x_wconf 84' lang='lat' dir='ltr'>sublimitatem.</span> <span class='ocrx_word' id='word_1_41' title='bbox 1066 653 1173 730; x_wconf 85' lang='lat' dir='ltr'>Itaque</span> <span class='ocrx_word' id='word_1_42' title='bbox 1190 653 1304 729; x_wconf 90' lang='lat' dir='ltr'>optimo</span> <span class='ocrx_word' id='word_1_43' title='bbox 1326 655 1390 712; x_wconf 88' lang='lat' dir='ltr'>iure</span> <span class='ocrx_word' id='word_1_44' title='bbox 1412 654 1482 712; x_wconf 91' lang='lat' dir='ltr'>dicit</span> <span class='ocrx_word' id='word_1_45' title='bbox 1583 695 1584 708; x_wconf 72' lang='lat'>.</span> 
     </span>
     <span class='ocr_line' id='line_1_6' title="bbox 198 740 1584 821; baseline 0.001 -20"><span class='ocrx_word' id='word_1_46' title='bbox 198 743 385 802; x_wconf 79' lang='lat' dir='ltr'>comoediam</span> <span class='ocrx_word' id='word_1_47' title='bbox 408 761 476 800; x_wconf 88' lang='lat' dir='ltr'>esse</span> <span class='ocrx_word' id='word_1_48' title='bbox 500 741 636 821; x_wconf 78' lang='grc' dir='ltr'><strong><em>ἄμοιρον</em></strong></span> <span class='ocrx_word' id='word_1_49' title='bbox 650 740 820 821; x_wconf 85' lang='grc' dir='ltr'><strong><em>μεγέθους.</em></strong></span> <span class='ocrx_word' id='word_1_50' title='bbox 855 743 960 818; x_wconf 85' lang='lat' dir='ltr'>Neque</span> <span class='ocrx_word' id='word_1_51' title='bbox 985 744 1062 800; x_wconf 89' lang='lat' dir='ltr'>enim</span> <span class='ocrx_word' id='word_1_52' title='bbox 1088 744 1250 819; x_wconf 89' lang='lat' dir='ltr'>quisquam</span> <span class='ocrx_word' id='word_1_53' title='bbox 1273 743 1397 816; x_wconf 82' lang='lat' dir='ltr'>negabit</span> <span class='ocrx_word' id='word_1_54' title='bbox 1420 746 1481 802; x_wconf 83' lang='lat' dir='ltr'>tra·</span> <span class='ocrx_word' id='word_1_55' title='bbox 1583 749 1584 816; x_wconf 55' lang='lat' dir='ltr'><em>g</em></span> 
     </span>
     <span class='ocr_line' id='line_1_7' title="bbox 197 832 1481 906; baseline 0 -16"><span class='ocrx_word' id='word_1_56' title='bbox 197 832 337 905; x_wconf 87' lang='lat' dir='ltr'>goediam</span> <span class='ocrx_word' id='word_1_57' title='bbox 361 849 446 906; x_wconf 88' lang='lat' dir='ltr'>egere</span> <span class='ocrx_word' id='word_1_58' title='bbox 470 832 666 899; x_wconf 85' lang='lat' dir='ltr'>sublimitate,</span> <span class='ocrx_word' id='word_1_59' title='bbox 694 849 794 889; x_wconf 88' lang='lat' dir='ltr'>carere</span> <span class='ocrx_word' id='word_1_60' title='bbox 819 832 1014 890; x_wconf 79' lang='lat' dir='ltr'>comoediam.</span> <span class='ocrx_word' id='word_1_61' title='bbox 1048 832 1160 890; x_wconf 82' lang='lat' dir='ltr'>Eodem</span> <span class='ocrx_word' id='word_1_62' title='bbox 1178 835 1280 890; x_wconf 88' lang='lat' dir='ltr'>autem</span> <span class='ocrx_word' id='word_1_63' title='bbox 1296 833 1386 892; x_wconf 92' lang='lat' dir='ltr'>modo</span> <span class='ocrx_word' id='word_1_64' title='bbox 1403 833 1481 890; x_wconf 90' lang='lat' dir='ltr'>hunc</span> 
     </span>
     <span class='ocr_line' id='line_1_8' title="bbox 197 919 1584 996; baseline -0.001 -16"><span class='ocrx_word' id='word_1_65' title='bbox 197 919 300 980; x_wconf 86' lang='lat' dir='ltr'>locum·</span> <span class='ocrx_word' id='word_1_66' title='bbox 322 921 452 995; x_wconf 91' lang='lat' dir='ltr'>explicat</span> <span class='ocrx_word' id='word_1_67' title='bbox 474 921 691 994; x_wconf 86' lang='lat' dir='ltr'>Baumgartius</span> <span class='ocrx_word' id='word_1_68' title='bbox 716 921 747 978; x_wconf 92' lang='lat' dir='ltr'>in</span> <span class='ocrx_word' id='word_1_69' title='bbox 771 938 806 980; x_wconf 94' lang='lat' dir='ltr'>eo</span> <span class='ocrx_word' id='word_1_70' title='bbox 831 921 908 980; x_wconf 88' lang='lat' dir='ltr'>libro</span> <span class='ocrx_word' id='word_1_71' title='bbox 933 922 985 996; x_wconf 92' lang='lat' dir='ltr'>qui</span> <span class='ocrx_word' id='word_1_72' title='bbox 1016 921 1206 980; x_wconf 85' lang='lat' dir='ltr'>inscribitur:</span> <span class='ocrx_word' id='word_1_73' title='bbox 1237 922 1408 980; x_wconf 89' lang='lat' dir='ltr'>Haodbueh</span> <span class='ocrx_word' id='word_1_74' title='bbox 1433 923 1482 980; x_wconf 90' lang='lat' dir='ltr'>der</span> <span class='ocrx_word' id='word_1_75' title='bbox 1583 959 1584 986; x_wconf 66' lang='lat'>2</span> 
     </span>
    </p>
   </div>
   <div class='ocr_carea' id='block_1_4' title="bbox 198 1009 1481 1174">
    <p class='ocr_par' dir='ltr' id='par_1_4' title="bbox 198 1009 1584 1174">
     <span class='ocr_line' id='line_1_9' title="bbox 198 1009 1481 1174; baseline 0.074 -109"><span class='ocrx_word' id='word_1_76' title='bbox 198 1009 364 1156; x_wconf 54' lang='lat' dir='ltr'>Poetiksqq</span> <span class='ocrx_word' id='word_1_77' title='bbox 375 1010 553 1174; x_wconf 46' lang='grc' dir='ltr'>63126Γῆυῆ</span> <span class='ocrx_word' id='word_1_78' title='bbox 579 1116 650 1155; x_wconf 71' lang='lat' dir='ltr'>num</span> <span class='ocrx_word' id='word_1_79' title='bbox 676 1101 706 1156; x_wconf 55' lang='lat' dir='ltr'>et</span> <span class='ocrx_word' id='word_1_80' title='bbox 729 1101 837 1159; x_wconf 73' lang='lat' dir='ltr'>auctor</span> <span class='ocrx_word' id='word_1_81' title='bbox 859 1100 992 1157; x_wconf 75' lang='lat' dir='ltr'>incertus</span> <span class='ocrx_word' id='word_1_82' title='bbox 1017 1102 1049 1156; x_wconf 75' lang='lat' dir='ltr'>et</span> <span class='ocrx_word' id='word_1_83' title='bbox 1071 1099 1288 1174; x_wconf 83' lang='lat' dir='ltr'>Baumgartius</span> <span class='ocrx_word' id='word_1_84' title='bbox 1310 1099 1481 1158; x_wconf 86' lang='lat' dir='ltr'>Aristotelis</span> 
     </span>
    </p>
   </div>
   <div class='ocr_carea' id='block_1_5' title="bbox 197 1171 1584 1263">
    <p class='ocr_par' dir='ltr' id='par_1_5' title="bbox 197 1171 1584 1263">
     <span class='ocr_line' id='line_1_10' title="bbox 197 1171 1584 1263; baseline 0.001 -19"><span class='ocrx_word' id='word_1_85' title='bbox 197 1189 372 1260; x_wconf 84' lang='lat' dir='ltr'>tragoediae</span> <span class='ocrx_word' id='word_1_86' title='bbox 388 1188 595 1246; x_wconf 81' lang='lat' dir='ltr'>definitionem</span> <span class='ocrx_word' id='word_1_87' title='bbox 619 1188 741 1246; x_wconf 91' lang='lat' dir='ltr'>omnino</span> <span class='ocrx_word' id='word_1_88' title='bbox 765 1188 975 1246; x_wconf 86' lang='lat' dir='ltr'>intellexerint.</span> <span class='ocrx_word' id='word_1_89' title='bbox 1012 1189 1098 1258; x_wconf 79' lang='lat' dir='ltr'>Quod</span> <span class='ocrx_word' id='word_1_90' title='bbox 1123 1188 1262 1263; x_wconf 87' lang='lat' dir='ltr'>equidem</span> <span class='ocrx_word' id='word_1_91' title='bbox 1283 1205 1371 1260; x_wconf 88' lang='lat' dir='ltr'>nego.</span> <span class='ocrx_word' id='word_1_92' title='bbox 1405 1189 1481 1246; x_wconf 91' lang='lat' dir='ltr'>Nam</span> <span class='ocrx_word' id='word_1_93' title='bbox 1583 1171 1584 1238; x_wconf 69' lang='lat' dir='ltr'>l</span> 
     </span>
    </p>
   </div>
   <div class='ocr_carea' id='block_1_6' title="bbox 196 1275 1480 1442">
    <p class='ocr_par' dir='ltr' id='par_1_6' title="bbox 196 1275 1480 1442">
     <span class='ocr_line' id='line_1_11' title="bbox 196 1275 1480 1356; baseline -0.001 -21"><span class='ocrx_word' id='word_1_94' title='bbox 196 1277 228 1336; x_wconf 91' lang='lat' dir='ltr'>in</span> <span class='ocrx_word' id='word_1_95' title='bbox 251 1277 427 1351; x_wconf 86' lang='lat' dir='ltr'>tragoediae</span> <span class='ocrx_word' id='word_1_96' title='bbox 451 1277 628 1334; x_wconf 85' lang='lat' dir='ltr'>definitione</span> <span class='ocrx_word' id='word_1_97' title='bbox 651 1277 726 1335; x_wconf 88' lang='lat' dir='ltr'>illud</span> <span class='ocrx_word' id='word_1_98' title='bbox 749 1275 889 1355; x_wconf 84' lang='grc' dir='ltr'><strong><em>μέγεθος</em></strong></span> <span class='ocrx_word' id='word_1_99' title='bbox 912 1278 991 1336; x_wconf 88' lang='lat' dir='ltr'>idem</span> <span class='ocrx_word' id='word_1_100' title='bbox 1019 1277 1121 1340; x_wconf 86' lang='lat' dir='ltr'>valere</span> <span class='ocrx_word' id='word_1_101' title='bbox 1153 1279 1244 1352; x_wconf 91' lang='lat' dir='ltr'>atque</span> <span class='ocrx_word' id='word_1_102' title='bbox 1267 1281 1373 1356; x_wconf 83' lang='grc' dir='ltr'><strong><em>μῆκος</em></strong></span> <span class='ocrx_word' id='word_1_103' title='bbox 1397 1277 1480 1336; x_wconf 87' lang='lat' dir='ltr'>colli-</span> 
     </span>
     <span class='ocr_line' id='line_1_12' title="bbox 196 1363 1479 1442; baseline 0.002 -18"><span class='ocrx_word' id='word_1_104' title='bbox 196 1366 327 1441; x_wconf 87' lang='lat' dir='ltr'>gendum</span> <span class='ocrx_word' id='word_1_105' title='bbox 352 1369 401 1423; x_wconf 89' lang='lat' dir='ltr'>est</span> <span class='ocrx_word' id='word_1_106' title='bbox 427 1384 464 1424; x_wconf 87' lang='lat' dir='ltr'>ex</span> <span class='ocrx_word' id='word_1_107' title='bbox 488 1366 542 1429; x_wconf 84' lang='lat' dir='ltr'>eis,</span> <span class='ocrx_word' id='word_1_108' title='bbox 575 1383 655 1440; x_wconf 90' lang='lat' dir='ltr'>quae</span> <span class='ocrx_word' id='word_1_109' title='bbox 686 1367 800 1440; x_wconf 87' lang='lat' dir='ltr'>scripta</span> <span class='ocrx_word' id='word_1_110' title='bbox 828 1369 952 1425; x_wconf 89' lang='lat' dir='ltr'>exstant</span> <span class='ocrx_word' id='word_1_111' title='bbox 976 1386 1003 1442; x_wconf 91' lang='lat' dir='ltr'>p.</span> <span class='ocrx_word' id='word_1_112' title='bbox 1024 1366 1108 1425; x_wconf 80' lang='grc'><strong>1450</strong></span> <span class='ocrx_word' id='word_1_113' title='bbox 1125 1367 1153 1424; x_wconf 91' lang='lat' dir='ltr'>b.</span> <span class='ocrx_word' id='word_1_114' title='bbox 1168 1367 1211 1424; x_wconf 87' lang='grc'>24</span> <span class='ocrx_word' id='word_1_115' title='bbox 1221 1384 1300 1442; x_wconf 89' lang='lat' dir='ltr'>sqq:</span> <span class='ocrx_word' id='word_1_116' title='bbox 1331 1369 1429 1427; x_wconf 86' lang='grc' dir='ltr'><strong><em>κεῖται</em></strong></span> <span class='ocrx_word' id='word_1_117' title='bbox 1453 1363 1479 1426; x_wconf 81' lang='grc' dir='ltr'>θ’</span> 
     </span>
    </p>
   </div>
   <div class='ocr_carea' id='block_1_7' title="bbox 196 1451 1584 1623">
    <p class='ocr_par' dir='ltr' id='par_1_7' title="bbox 196 1451 1584 1623">
     <span class='ocr_line' id='line_1_13' title="bbox 197 1451 1584 1535; baseline 0.001 -21"><span class='ocrx_word' id='word_1_118' title='bbox 197 1453 273 1534; x_wconf 84' lang='grc' dir='ltr'><strong><em>ἡμῖν</em></strong></span> <span class='ocrx_word' id='word_1_119' title='bbox 295 1452 351 1533; x_wconf 86' lang='grc' dir='ltr'><strong><em>τὴν</em></strong></span> <span class='ocrx_word' id='word_1_120' title='bbox 374 1451 553 1534; x_wconf 81' lang='grc' dir='ltr'><strong><em>τραγῳδίαν</em></strong></span> <span class='ocrx_word' id='word_1_121' title='bbox 576 1452 691 1522; x_wconf 81' lang='grc' dir='ltr'><strong><em>τελείας</em></strong></span> <span class='ocrx_word' id='word_1_122' title='bbox 713 1452 767 1515; x_wconf 80' lang='grc' dir='ltr'>καὶ</span> <span class='ocrx_word' id='word_1_123' title='bbox 791 1452 867 1535; x_wconf 84' lang='grc' dir='ltr'><strong><em>ὅλης</em></strong></span> <span class='ocrx_word' id='word_1_124' title='bbox 897 1453 1047 1532; x_wconf 85' lang='grc' dir='ltr'><strong><em>πράξεως</em></strong></span> <span class='ocrx_word' id='word_1_125' title='bbox 1078 1453 1156 1516; x_wconf 83' lang='grc' dir='ltr'><strong><em>εἶναι</em></strong></span> <span class='ocrx_word' id='word_1_126' title='bbox 1182 1453 1315 1534; x_wconf 82' lang='grc' dir='ltr'><em>μίμησιν</em></span> <span class='ocrx_word' id='word_1_127' title='bbox 1347 1452 1481 1534; x_wconf 83' lang='grc' dir='ltr'><strong><em>ἐχούσης</em></strong></span> <span class='ocrx_word' id='word_1_128' title='bbox 1583 1521 1584 1524; x_wconf 11' lang='lat'>¹</span> 
     </span>
     <span class='ocr_line' id='line_1_14' title="bbox 196 1540 1584 1623; baseline 0.001 -21"><span class='ocrx_word' id='word_1_129' title='bbox 196 1564 223 1602; x_wconf 92' lang='grc' dir='ltr'><strong><em>τι</em></strong></span> <span class='ocrx_word' id='word_1_130' title='bbox 245 1542 385 1622; x_wconf 87' lang='grc' dir='ltr'><strong><em>μέγεθος</em></strong></span> <span class='ocrx_word' id='word_1_131' title='bbox 402 1561 408 1574; x_wconf 91' lang='grc'><em>·</em></span> <span class='ocrx_word' id='word_1_132' title='bbox 425 1543 505 1604; x_wconf 81' lang='grc' dir='ltr'><strong><em>ἔστιν</em></strong></span> <span class='ocrx_word' id='word_1_133' title='bbox 528 1541 588 1622; x_wconf 86' lang='grc' dir='ltr'>γὰρ</span> <span class='ocrx_word' id='word_1_134' title='bbox 613 1541 688 1603; x_wconf 88' lang='grc' dir='ltr'><strong><em>ὅλον</em></strong></span> <span class='ocrx_word' id='word_1_135' title='bbox 710 1542 765 1604; x_wconf 82' lang='grc' dir='ltr'>καὶ</span> <span class='ocrx_word' id='word_1_136' title='bbox 786 1542 889 1623; x_wconf 81' lang='grc' dir='ltr'><strong><em>μηδὲν</em></strong></span> <span class='ocrx_word' id='word_1_137' title='bbox 913 1543 987 1622; x_wconf 77' lang='grc' dir='ltr'><strong><em>ἕχον</em></strong></span> <span class='ocrx_word' id='word_1_138' title='bbox 1009 1542 1158 1622; x_wconf 84' lang='grc' dir='ltr'><strong><em>μέγεθος.</em></strong></span> <span class='ocrx_word' id='word_1_139' title='bbox 1187 1541 1262 1604; x_wconf 85' lang='grc' dir='ltr'><strong><em>ὅλον</em></strong></span> <span class='ocrx_word' id='word_1_140' title='bbox 1286 1541 1321 1604; x_wconf 78' lang='grc' dir='ltr'>δέ</span> <span class='ocrx_word' id='word_1_141' title='bbox 1345 1543 1425 1604; x_wconf 80' lang='grc' dir='ltr'><strong><em>ε’στιν</em></strong></span> <span class='ocrx_word' id='word_1_142' title='bbox 1448 1540 1480 1604; x_wconf 85' lang='grc' dir='ltr'><strong><em>τὸ</em></strong></span> <span class='ocrx_word' id='word_1_143' title='bbox 1583 1545 1584 1596; x_wconf 67' lang='grc' dir='ltr'>ἒ</span> 
     </span>
    </p>
   </div>
   <div class='ocr_carea' id='block_1_8' title="bbox 196 1629 1481 1889">
    <p class='ocr_par' dir='ltr' id='par_1_8' title="bbox 196 1629 1481 1889">
     <span class='ocr_line' id='line_1_15' title="bbox 197 1629 1481 1712; baseline -0.001 -19"><span class='ocrx_word' id='word_1_144' title='bbox 197 1631 271 1712; x_wconf 80' lang='grc' dir='ltr'><strong><em>ἔχον</em></strong></span> <span class='ocrx_word' id='word_1_145' title='bbox 295 1630 399 1711; x_wconf 84' lang='grc' dir='ltr'><strong><em>ἀρχὴν</em></strong></span> <span class='ocrx_word' id='word_1_146' title='bbox 425 1630 479 1692; x_wconf 82' lang='grc' dir='ltr'>καὶ</span> <span class='ocrx_word' id='word_1_147' title='bbox 505 1631 605 1712; x_wconf 82' lang='grc' dir='ltr'><strong><em>μέσον</em></strong></span> <span class='ocrx_word' id='word_1_148' title='bbox 627 1630 681 1692; x_wconf 83' lang='grc' dir='ltr'>καὶ</span> <span class='ocrx_word' id='word_1_149' title='bbox 703 1631 846 1712; x_wconf 83' lang='grc' dir='ltr'><strong><em>τελευτήν</em></strong></span> <span class='ocrx_word' id='word_1_150' title='bbox 877 1637 907 1691; x_wconf 92' lang='lat' dir='ltr'>et</span> <span class='ocrx_word' id='word_1_151' title='bbox 930 1634 980 1692; x_wconf 89' lang='lat' dir='ltr'>lin.</span> <span class='ocrx_word' id='word_1_152' title='bbox 998 1634 1130 1708; x_wconf 82' lang='lat' dir='ltr'>3&#39;Isqq.:</span> <span class='ocrx_word' id='word_1_153' title='bbox 1161 1629 1197 1694; x_wconf 86' lang='grc' dir='ltr'><strong><em>τὸ</em></strong></span> <span class='ocrx_word' id='word_1_154' title='bbox 1229 1630 1289 1711; x_wconf 83' lang='grc' dir='ltr'>γὰρ</span> <span class='ocrx_word' id='word_1_155' title='bbox 1320 1630 1419 1694; x_wconf 85' lang='grc' dir='ltr'><strong><em>καλὸν</em></strong></span> <span class='ocrx_word' id='word_1_156' title='bbox 1450 1632 1481 1693; x_wconf 86' lang='grc' dir='ltr'>έν</span> 
     </span>
     <span class='ocr_line' id='line_1_16' title="bbox 196 1718 1480 1802; baseline -0.001 -21"><span class='ocrx_word' id='word_1_157' title='bbox 196 1719 325 1800; x_wconf 75' lang='grc' dir='ltr'><strong><em>μεγέθει</em></strong></span> <span class='ocrx_word' id='word_1_158' title='bbox 340 1719 394 1781; x_wconf 84' lang='grc' dir='ltr'>καλ</span> <span class='ocrx_word' id='word_1_159' title='bbox 408 1720 493 1791; x_wconf 83' lang='grc' dir='ltr'><strong><em>τάξει</em></strong></span> <span class='ocrx_word' id='word_1_160' title='bbox 508 1720 596 1791; x_wconf 80' lang='grc' dir='ltr'><strong><em>ἐστίν,</em></strong></span> <span class='ocrx_word' id='word_1_161' title='bbox 621 1718 670 1782; x_wconf 79' lang='grc' dir='ltr'>διὸ</span> <span class='ocrx_word' id='word_1_162' title='bbox 687 1721 758 1782; x_wconf 83' lang='grc' dir='ltr'><strong><em>οὔτε</em></strong></span> <span class='ocrx_word' id='word_1_163' title='bbox 773 1720 962 1802; x_wconf 82' lang='grc' dir='ltr'><strong><em>πάμμικρον</em></strong></span> <span class='ocrx_word' id='word_1_164' title='bbox 977 1720 1016 1782; x_wconf 85' lang='grc' dir='ltr'>ἅν</span> <span class='ocrx_word' id='word_1_165' title='bbox 1031 1743 1058 1782; x_wconf 91' lang='grc' dir='ltr'><strong><em>τι</em></strong></span> <span class='ocrx_word' id='word_1_166' title='bbox 1074 1721 1194 1800; x_wconf 84' lang='grc' dir='ltr'><strong><em>γένοιτο</em></strong></span> <span class='ocrx_word' id='word_1_167' title='bbox 1209 1718 1308 1782; x_wconf 83' lang='grc' dir='ltr'><strong><em>καλὸν</em></strong></span> <span class='ocrx_word' id='word_1_168' title='bbox 1325 1721 1412 1800; x_wconf 85' lang='grc' dir='ltr'><strong><em>ζῷον</em></strong></span> <span class='ocrx_word' id='word_1_169' title='bbox 1428 1766 1434 1780; x_wconf 91' lang='grc'><strong>.</strong></span> <span class='ocrx_word' id='word_1_170' title='bbox 1452 1765 1458 1780; x_wconf 93' lang='grc'><strong>.</strong></span> <span class='ocrx_word' id='word_1_171' title='bbox 1475 1767 1480 1780; x_wconf 95' lang='grc'><strong>.</strong></span> 
     </span>
     <span class='ocr_line' id='line_1_17' title="bbox 197 1808 1481 1889; baseline -0.001 -18"><span class='ocrx_word' id='word_1_172' title='bbox 197 1809 269 1871; x_wconf 78' lang='grc' dir='ltr'><strong><em>οὔτε</em></strong></span> <span class='ocrx_word' id='word_1_173' title='bbox 284 1808 498 1889; x_wconf 77' lang='grc' dir='ltr'><strong><em>παμμέγεθες.</em></strong></span> <span class='ocrx_word' id='word_1_174' title='bbox 536 1810 641 1886; x_wconf 87' lang='lat' dir='ltr'>Neque</span> <span class='ocrx_word' id='word_1_175' title='bbox 661 1829 737 1886; x_wconf 49' lang='lat' dir='ltr'>¹vero</span> <span class='ocrx_word' id='word_1_176' title='bbox 762 1816 868 1870; x_wconf 90' lang='lat' dir='ltr'>auctor</span> <span class='ocrx_word' id='word_1_177' title='bbox 890 1811 1024 1870; x_wconf 89' lang='lat' dir='ltr'>incertus</span> <span class='ocrx_word' id='word_1_178' title='bbox 1042 1812 1124 1887; x_wconf 88' lang='lat' dir='ltr'>quod</span> <span class='ocrx_word' id='word_1_179' title='bbox 1140 1829 1202 1870; x_wconf 91' lang='lat' dir='ltr'>non</span> <span class='ocrx_word' id='word_1_180' title='bbox 1218 1811 1366 1870; x_wconf 87' lang='lat' dir='ltr'>intellexit</span> <span class='ocrx_word' id='word_1_181' title='bbox 1381 1810 1481 1870; x_wconf 88' lang='lat' dir='ltr'>locum</span> 
     </span>
    </p>
   </div>
   <div class='ocr_carea' id='block_1_9' title="bbox 197 1899 1584 1976">
    <p class='ocr_par' dir='ltr' id='par_1_9' title="bbox 197 1899 1584 1976">
     <span class='ocr_line' id='line_1_18' title="bbox 197 1899 1584 1976; baseline 0.001 -20"><span class='ocrx_word' id='word_1_182' title='bbox 197 1899 280 1957; x_wconf 92' lang='lat' dir='ltr'>illum</span> <span class='ocrx_word' id='word_1_183' title='bbox 304 1900 523 1968; x_wconf 83' lang='lat' dir='ltr'>Aristoteliam,</span> <span class='ocrx_word' id='word_1_184' title='bbox 556 1919 624 1958; x_wconf 89' lang='lat' dir='ltr'>mea</span> <span class='ocrx_word' id='word_1_185' title='bbox 652 1901 773 1975; x_wconf 91' lang='lat' dir='ltr'>quidem</span> <span class='ocrx_word' id='word_1_186' title='bbox 806 1902 957 1959; x_wconf 87' lang='lat' dir='ltr'>sententia</span> <span class='ocrx_word' id='word_1_187' title='bbox 979 1904 1140 1976; x_wconf 85' lang='lat' dir='ltr'>tantopere</span> <span class='ocrx_word' id='word_1_188' title='bbox 1172 1901 1394 1975; x_wconf 86' lang='lat' dir='ltr'>vltuperandus</span> <span class='ocrx_word' id='word_1_189' title='bbox 1424 1903 1479 1970; x_wconf 90' lang='lat' dir='ltr'>est,</span> <span class='ocrx_word' id='word_1_190' title='bbox 1583 1919 1584 1922; x_wconf 45' lang='lat'>¹</span> 
     </span>
    </p>
   </div>
   <div class='ocr_carea' id='block_1_10' title="bbox 197 1990 1482 2336">
    <p class='ocr_par' dir='ltr' id='par_1_10' title="bbox 199 1990 824 2065">
     <span class='ocr_line' id='line_1_19' title="bbox 199 1990 824 2065; baseline 0.005 -20"><span class='ocrx_word' id='word_1_191' title='bbox 199 1991 386 2064; x_wconf 89' lang='lat' dir='ltr'>quantopere</span> <span class='ocrx_word' id='word_1_192' title='bbox 411 1990 582 2064; x_wconf 87' lang='lat' dir='ltr'>castigatur</span> <span class='ocrx_word' id='word_1_193' title='bbox 606 2009 626 2046; x_wconf 89' lang='lat' dir='ltr'>a</span> <span class='ocrx_word' id='word_1_194' title='bbox 648 1990 824 2065; x_wconf 88' lang='lat' dir='ltr'>Bernaysio.</span> 
     </span>
    </p>

    <p class='ocr_par' dir='ltr' id='par_1_11' title="bbox 197 2077 1482 2336">
     <span class='ocr_line' id='line_1_20' title="bbox 305 2077 1481 2154; baseline 0 -18"><span class='ocrx_word' id='word_1_195' title='bbox 305 2077 388 2147; x_wconf 79' lang='lat' dir='ltr'>Quae</span> <span class='ocrx_word' id='word_1_196' title='bbox 413 2097 481 2136; x_wconf 90' lang='lat' dir='ltr'>cum</span> <span class='ocrx_word' id='word_1_197' title='bbox 505 2079 550 2136; x_wconf 89' lang='lat' dir='ltr'>ita</span> <span class='ocrx_word' id='word_1_198' title='bbox 573 2078 642 2146; x_wconf 85' lang='lat' dir='ltr'>sint,</span> <span class='ocrx_word' id='word_1_199' title='bbox 676 2079 815 2154; x_wconf 90' lang='lat' dir='ltr'>equidem</span> <span class='ocrx_word' id='word_1_200' title='bbox 847 2097 957 2136; x_wconf 89' lang='lat' dir='ltr'>censeo</span> <span class='ocrx_word' id='word_1_201' title='bbox 990 2079 1110 2138; x_wconf 89' lang='lat' dir='ltr'>minime</span> <span class='ocrx_word' id='word_1_202' title='bbox 1142 2079 1212 2137; x_wconf 93' lang='lat' dir='ltr'>huic</span> <span class='ocrx_word' id='word_1_203' title='bbox 1236 2078 1303 2137; x_wconf 91' lang='lat' dir='ltr'>loeo</span> <span class='ocrx_word' id='word_1_204' title='bbox 1328 2080 1481 2136; x_wconf 88' lang='lat' dir='ltr'>tractatus</span> 
     </span>
     <span class='ocr_line' id='line_1_21' title="bbox 199 2166 1480 2243; baseline 0.002 -20"><span class='ocrx_word' id='word_1_205' title='bbox 199 2166 288 2224; x_wconf 82' lang='lat' dir='ltr'>Coisl.</span> <span class='ocrx_word' id='word_1_206' title='bbox 313 2167 488 2226; x_wconf 87' lang='lat' dir='ltr'>coniectura</span> <span class='ocrx_word' id='word_1_207' title='bbox 519 2185 587 2226; x_wconf 90' lang='lat' dir='ltr'>esse</span> <span class='ocrx_word' id='word_1_208' title='bbox 621 2168 864 2226; x_wconf 87' lang='lat' dir='ltr'>succurrendum.</span> <span class='ocrx_word' id='word_1_209' title='bbox 904 2168 1097 2243; x_wconf 86' lang='lat' dir='ltr'>&#39;Bernaysius</span> <span class='ocrx_word' id='word_1_210' title='bbox 1130 2167 1342 2226; x_wconf 72' lang='lat' dir='ltr'>colmiae.</span> <span class='ocrx_word' id='word_1_211' title='bbox 1371 2185 1400 2242; x_wconf 91' lang='lat' dir='ltr'>p.</span> <span class='ocrx_word' id='word_1_212' title='bbox 1418 2167 1480 2226; x_wconf 84' lang='grc'>569</span> 
     </span>
     <span class='ocr_line' id='line_1_22' title="bbox 197 2253 1482 2336; baseline 0.002 -23"><span class='ocrx_word' id='word_1_213' title='bbox 197 2255 271 2314; x_wconf 88' lang='lat' dir='ltr'>dicit</span> <span class='ocrx_word' id='word_1_214' title='bbox 286 2256 362 2314; x_wconf 94' lang='lat' dir='ltr'>illud</span> <span class='ocrx_word' id='word_1_215' title='bbox 377 2254 515 2336; x_wconf 83' lang='grc' dir='ltr'><strong><em>ἀμοίρου</em></strong></span> <span class='ocrx_word' id='word_1_216' title='bbox 530 2254 692 2334; x_wconf 82' lang='grc' dir='ltr'><strong><em>μεγέθους</em></strong></span> <span class='ocrx_word' id='word_1_217' title='bbox 706 2254 822 2317; x_wconf 83' lang='grc' dir='ltr'><strong><em>τελείου</em></strong></span> <span class='ocrx_word' id='word_1_218' title='bbox 835 2257 970 2316; x_wconf 84' lang='lat' dir='ltr'>tortasse</span> <span class='ocrx_word' id='word_1_219' title='bbox 984 2258 1185 2332; x_wconf 87' lang='lat' dir='ltr'>depravatum</span> <span class='ocrx_word' id='word_1_220' title='bbox 1199 2274 1267 2314; x_wconf 88' lang='lat' dir='ltr'>esse</span> <span class='ocrx_word' id='word_1_221' title='bbox 1280 2273 1318 2314; x_wconf 89' lang='lat' dir='ltr'>ex</span> <span class='ocrx_word' id='word_1_222' title='bbox 1332 2253 1482 2335; x_wconf 83' lang='grc' dir='ltr'><strong><em>πράξεως</em></strong></span> 
     </span>
    </p>
   </div>
   <div class='ocr_carea' id='block_1_11' title="bbox 198 2342 1584 2424">
    <p class='ocr_par' dir='ltr' id='par_1_12' title="bbox 198 2342 1584 2424">
     <span class='ocr_line' id='line_1_23' title="bbox 198 2342 1584 2424; baseline 0.001 -20"><span class='ocrx_word' id='word_1_223' title='bbox 198 2342 318 2423; x_wconf 81' lang='grc' dir='ltr'><strong><em>γελοίας</em></strong></span> <span class='ocrx_word' id='word_1_224' title='bbox 334 2344 517 2424; x_wconf 85' lang='grc' dir='ltr'><strong><em>συμμέτρου</em></strong></span> <span class='ocrx_word' id='word_1_225' title='bbox 528 2343 690 2424; x_wconf 84' lang='grc' dir='ltr'><strong><em>μεγέθους</em></strong></span> <span class='ocrx_word' id='word_1_226' title='bbox 705 2342 836 2415; x_wconf 89' lang='grc' dir='ltr'><strong><em>τελείου;</em></strong></span> <span class='ocrx_word' id='word_1_227' title='bbox 854 2347 966 2420; x_wconf 87' lang='lat' dir='ltr'>quibus</span> <span class='ocrx_word' id='word_1_228' title='bbox 979 2347 1081 2404; x_wconf 89' lang='lat' dir='ltr'>verbis</span> <span class='ocrx_word' id='word_1_229' title='bbox 1098 2345 1265 2418; x_wconf 79' lang='lat' dir='ltr'>significari</span> <span class='ocrx_word' id='word_1_230' title='bbox 1280 2343 1480 2406; x_wconf 79' lang='grc' dir='ltr'><strong><em>εὐσύνοπτον.</em></strong></span> <span class='ocrx_word' id='word_1_231' title='bbox 1583 2359 1584 2368; x_wconf 75' lang='grc'>’</span> 
     </span>
    </p>
   </div>
   <div class='ocr_carea' id='block_1_12' title="bbox 196 2434 1482 2869">
    <p class='ocr_par' dir='ltr' id='par_1_13' title="bbox 196 2434 1482 2869">
     <span class='ocr_line' id='line_1_24' title="bbox 198 2434 1481 2514; baseline 0 -22"><span class='ocrx_word' id='word_1_232' title='bbox 198 2434 257 2492; x_wconf 86' lang='lat' dir='ltr'>Sed</span> <span class='ocrx_word' id='word_1_233' title='bbox 281 2452 464 2510; x_wconf 88' lang='lat' dir='ltr'>quamquam</span> <span class='ocrx_word' id='word_1_234' title='bbox 481 2436 678 2514; x_wconf 72' lang='lat' dir='ltr'>vBernaysius</span> <span class='ocrx_word' id='word_1_235' title='bbox 701 2435 877 2495; x_wconf 88' lang='lat' dir='ltr'>Aristotelis</span> <span class='ocrx_word' id='word_1_236' title='bbox 903 2435 1071 2493; x_wconf 89' lang='lat' dir='ltr'>sententiae</span> <span class='ocrx_word' id='word_1_237' title='bbox 1095 2434 1269 2492; x_wconf 87' lang='lat' dir='ltr'>coniectura</span> <span class='ocrx_word' id='word_1_238' title='bbox 1300 2451 1359 2492; x_wconf 88' lang='lat' dir='ltr'>sua</span> <span class='ocrx_word' id='word_1_239' title='bbox 1387 2435 1481 2492; x_wconf 84' lang='lat' dir='ltr'>satis·</span> 
     </span>
     <span class='ocr_line' id='line_1_25' title="bbox 196 2520 1480 2601; baseline 0.003 -22"><span class='ocrx_word' id='word_1_240' title='bbox 196 2523 280 2592; x_wconf 85' lang='lat' dir='ltr'>facit,</span> <span class='ocrx_word' id='word_1_241' title='bbox 307 2540 374 2582; x_wconf 90' lang='lat' dir='ltr'>eum</span> <span class='ocrx_word' id='word_1_242' title='bbox 399 2524 546 2598; x_wconf 85' lang='lat' dir='ltr'>seriptum</span> <span class='ocrx_word' id='word_1_243' title='bbox 570 2524 729 2582; x_wconf 89' lang='lat' dir='ltr'>videamus</span> <span class='ocrx_word' id='word_1_244' title='bbox 753 2524 784 2580; x_wconf 92' lang='lat' dir='ltr'>in</span> <span class='ocrx_word' id='word_1_245' title='bbox 809 2527 874 2581; x_wconf 86' lang='lat' dir='ltr'>arte</span> <span class='ocrx_word' id='word_1_246' title='bbox 891 2527 971 2598; x_wconf 90' lang='lat' dir='ltr'>poet.</span> <span class='ocrx_word' id='word_1_247' title='bbox 995 2541 1022 2597; x_wconf 92' lang='lat' dir='ltr'>p.</span> <span class='ocrx_word' id='word_1_248' title='bbox 1043 2523 1124 2580; x_wconf 83' lang='lat'>1451</span> <span class='ocrx_word' id='word_1_249' title='bbox 1145 2523 1210 2581; x_wconf 87' lang='lat' dir='ltr'>a3:</span> <span class='ocrx_word' id='word_1_250' title='bbox 1235 2521 1315 2590; x_wconf 87' lang='grc' dir='ltr'><strong><em>ὥςτε</em></strong></span> <span class='ocrx_word' id='word_1_251' title='bbox 1331 2520 1480 2601; x_wconf 82' lang='grc' dir='ltr'><strong><em>καθάπερ</em></strong></span> 
     </span>
     <span class='ocr_line' id='line_1_26' title="bbox 196 2609 1482 2691; baseline 0.002 -21"><span class='ocrx_word' id='word_1_252' title='bbox 196 2609 333 2672; x_wconf 75' lang='grc' dir='ltr'><strong><em>ἐπὶτῶν</em></strong></span> <span class='ocrx_word' id='word_1_253' title='bbox 361 2611 522 2691; x_wconf 86' lang='grc' dir='ltr'><strong><em>σωμάτων</em></strong></span> <span class='ocrx_word' id='word_1_254' title='bbox 552 2610 606 2672; x_wconf 83' lang='grc' dir='ltr'>καὶ</span> <span class='ocrx_word' id='word_1_255' title='bbox 633 2610 683 2672; x_wconf 81' lang='grc' dir='ltr'>ἐπὶ</span> <span class='ocrx_word' id='word_1_256' title='bbox 714 2613 779 2672; x_wconf 82' lang='grc' dir='ltr'><strong><em>τῶν</em></strong></span> <span class='ocrx_word' id='word_1_257' title='bbox 804 2609 918 2690; x_wconf 80' lang='grc' dir='ltr'><strong><em>,ζῴων</em></strong></span> <span class='ocrx_word' id='word_1_258' title='bbox 940 2611 1021 2691; x_wconf 83' lang='grc' dir='ltr'><strong><em>ἔχειν</em></strong></span> <span class='ocrx_word' id='word_1_259' title='bbox 1051 2609 1111 2690; x_wconf 78' lang='grc' dir='ltr'>μὲν</span> <span class='ocrx_word' id='word_1_260' title='bbox 1140 2610 1290 2690; x_wconf 78' lang='grc' dir='ltr'><strong><em>μέγεθος,</em></strong></span> <span class='ocrx_word' id='word_1_261' title='bbox 1321 2615 1414 2672; x_wconf 84' lang='grc' dir='ltr'><strong><em>τοῦτο</em></strong></span> <span class='ocrx_word' id='word_1_262' title='bbox 1447 2609 1482 2672; x_wconf 79' lang='grc' dir='ltr'>δὲ</span> 
     </span>
     <span class='ocr_line' id='line_1_27' title="bbox 197 2698 1482 2780; baseline 0.002 -20"><span class='ocrx_word' id='word_1_263' title='bbox 197 2698 389 2761; x_wconf 82' lang='grc' dir='ltr'><strong><em>εὐσύνοπτον</em></strong></span> <span class='ocrx_word' id='word_1_264' title='bbox 420 2700 505 2774; x_wconf 80' lang='grc' dir='ltr'><strong><em>εἶναι,</em></strong></span> <span class='ocrx_word' id='word_1_265' title='bbox 536 2699 622 2761; x_wconf 79' lang='grc' dir='ltr'><strong><em>οὕτω</em></strong></span> <span class='ocrx_word' id='word_1_266' title='bbox 653 2698 707 2760; x_wconf 84' lang='grc' dir='ltr'>καὶ</span> <span class='ocrx_word' id='word_1_267' title='bbox 734 2698 784 2760; x_wconf 83' lang='grc' dir='ltr'><strong><em>ε’ττὶ</em></strong></span> <span class='ocrx_word' id='word_1_268' title='bbox 811 2703 875 2761; x_wconf 85' lang='grc' dir='ltr'><strong><em>τῶν</em></strong></span> <span class='ocrx_word' id='word_1_269' title='bbox 905 2698 1027 2779; x_wconf 86' lang='grc' dir='ltr'><strong><em>μύθων</em></strong></span> <span class='ocrx_word' id='word_1_270' title='bbox 1050 2699 1132 2780; x_wconf 82' lang='grc' dir='ltr'><strong><em>ἔχειν</em></strong></span> <span class='ocrx_word' id='word_1_271' title='bbox 1155 2698 1214 2779; x_wconf 79' lang='grc' dir='ltr'>μέν</span> <span class='ocrx_word' id='word_1_272' title='bbox 1243 2704 1358 2780; x_wconf 77' lang='grc' dir='ltr'><strong><em>μῆκος,</em></strong></span> <span class='ocrx_word' id='word_1_273' title='bbox 1389 2704 1482 2763; x_wconf 81' lang='grc' dir='ltr'><strong><em>τοῦτο</em></strong></span> 
     </span>
     <span class='ocr_line' id='line_1_28' title="bbox 197 2787 1479 2869; baseline -0.002 -19"><span class='ocrx_word' id='word_1_274' title='bbox 197 2787 233 2850; x_wconf 74' lang='grc' dir='ltr'>δὲ</span> <span class='ocrx_word' id='word_1_275' title='bbox 255 2788 512 2869; x_wconf 83' lang='grc' dir='ltr'><strong><em>εὐμνημόνευτον</em></strong></span> <span class='ocrx_word' id='word_1_276' title='bbox 536 2789 621 2860; x_wconf 84' lang='grc' dir='ltr'><strong><em>εἶναι,</em></strong></span> <span class='ocrx_word' id='word_1_277' title='bbox 651 2793 753 2848; x_wconf 91' lang='lat' dir='ltr'>tamen</span> <span class='ocrx_word' id='word_1_278' title='bbox 778 2791 968 2858; x_wconf 73' lang='lat' dir='ltr'>coniecturia</span> <span class='ocrx_word' id='word_1_279' title='bbox 1003 2792 1036 2848; x_wconf 90' lang='lat' dir='ltr'>ut</span> <span class='ocrx_word' id='word_1_280' title='bbox 1067 2807 1162 2865; x_wconf 88' lang='lat' dir='ltr'>supra</span> <span class='ocrx_word' id='word_1_281' title='bbox 1193 2790 1479 2858; x_wconf 70' lang='lat' dir='ltr'>demonstravimus¹</span> 
     </span>
    </p>
   </div>
   <div class='ocr_carea' id='block_1_13' title="bbox 197 2859 1584 3136">
    <p class='ocr_par' dir='ltr' id='par_1_14' title="bbox 197 2859 1584 3136">
     <span class='ocr_line' id='line_1_29' title="bbox 197 2859 1584 2958; baseline 0.001 -22"><span class='ocrx_word' id='word_1_282' title='bbox 197 2879 317 2936; x_wconf 90' lang='lat' dir='ltr'>minime</span> <span class='ocrx_word' id='word_1_283' title='bbox 342 2897 419 2953; x_wconf 90' lang='lat' dir='ltr'>opus</span> <span class='ocrx_word' id='word_1_284' title='bbox 444 2882 499 2938; x_wconf 89' lang='lat' dir='ltr'>est.</span> <span class='ocrx_word' id='word_1_285' title='bbox 546 2880 612 2939; x_wconf 86' lang='lat' dir='ltr'>Huc</span> <span class='ocrx_word' id='word_1_286' title='bbox 636 2879 761 2946; x_wconf 88' lang='lat' dir='ltr'>accedit,</span> <span class='ocrx_word' id='word_1_287' title='bbox 797 2881 877 2954; x_wconf 92' lang='lat' dir='ltr'>quod</span> <span class='ocrx_word' id='word_1_288' title='bbox 909 2879 984 2938; x_wconf 90' lang='lat' dir='ltr'>illud</span> <span class='ocrx_word' id='word_1_289' title='bbox 1016 2877 1151 2958; x_wconf 80' lang='grc' dir='ltr'><strong><em>ἄμοιρος</em></strong></span> <span class='ocrx_word' id='word_1_290' title='bbox 1173 2879 1401 2937; x_wconf 87' lang='lat' dir='ltr'>Aristotelicum</span> <span class='ocrx_word' id='word_1_291' title='bbox 1426 2882 1482 2938; x_wconf 85' lang='lat' dir='ltr'>est</span> <span class='ocrx_word' id='word_1_292' title='bbox 1583 2859 1584 2946; x_wconf 73' lang='lat' dir='ltr'>l</span> 
     </span>
     <span class='ocr_line' id='line_1_30' title="bbox 199 2964 1584 3046; baseline 0.001 -21"><span class='ocrx_word' id='word_1_293' title='bbox 199 2968 350 3044; x_wconf 84' lang='lat' dir='ltr'>Scriptum</span> <span class='ocrx_word' id='word_1_294' title='bbox 378 2969 456 3026; x_wconf 89' lang='lat' dir='ltr'>enim</span> <span class='ocrx_word' id='word_1_295' title='bbox 479 2969 609 3043; x_wconf 86' lang='lat' dir='ltr'>legimus</span> <span class='ocrx_word' id='word_1_296' title='bbox 640 2968 671 3025; x_wconf 96' lang='lat' dir='ltr'>in</span> <span class='ocrx_word' id='word_1_297' title='bbox 697 2969 787 3025; x_wconf 86' lang='lat' dir='ltr'>tertio</span> <span class='ocrx_word' id='word_1_298' title='bbox 817 2968 853 3025; x_wconf 92' lang='lat' dir='ltr'>de</span> <span class='ocrx_word' id='word_1_299' title='bbox 882 2969 967 3026; x_wconf 87' lang='lat' dir='ltr'>caelo</span> <span class='ocrx_word' id='word_1_300' title='bbox 991 2968 1068 3027; x_wconf 92' lang='lat' dir='ltr'>libro</span> <span class='ocrx_word' id='word_1_301' title='bbox 1092 2986 1120 3043; x_wconf 91' lang='lat' dir='ltr'>p.</span> <span class='ocrx_word' id='word_1_302' title='bbox 1139 2968 1202 3027; x_wconf 81' lang='lat'>306</span> <span class='ocrx_word' id='word_1_303' title='bbox 1227 2969 1292 3026; x_wconf 86' lang='lat' dir='ltr'>a3:</span> <span class='ocrx_word' id='word_1_304' title='bbox 1324 2966 1396 3028; x_wconf 80' lang='grc' dir='ltr'><strong><em>οὔτε</em></strong></span> <span class='ocrx_word' id='word_1_305' title='bbox 1420 2964 1482 3046; x_wconf 83' lang='grc' dir='ltr'>γὰρ</span> <span class='ocrx_word' id='word_1_306' title='bbox 1583 2967 1584 3012; x_wconf 63' lang='lat' dir='ltr'>l</span> 
     </span>
     <span class='ocr_line' id='line_1_31' title="bbox 197 3053 1584 3136; baseline -0.001 -19"><span class='ocrx_word' id='word_1_307' title='bbox 197 3055 329 3135; x_wconf 83' lang='grc' dir='ltr'><strong><em>εὔλογον</em></strong></span> <span class='ocrx_word' id='word_1_308' title='bbox 352 3057 386 3117; x_wconf 81' lang='grc' dir='ltr'>ἓν</span> <span class='ocrx_word' id='word_1_309' title='bbox 408 3055 510 3136; x_wconf 88' lang='grc' dir='ltr'><strong><em>μόνον</em></strong></span> <span class='ocrx_word' id='word_1_310' title='bbox 534 3055 670 3135; x_wconf 83' lang='grc' dir='ltr'><strong><em>ἄμοιρον</em></strong></span> <span class='ocrx_word' id='word_1_311' title='bbox 687 3054 833 3135; x_wconf 82' lang='grc' dir='ltr'><strong><em>γενέσθαι</em></strong></span> <span class='ocrx_word' id='word_1_312' title='bbox 848 3061 903 3136; x_wconf 86' lang='grc' dir='ltr'><strong><em>τῆς</em></strong></span> <span class='ocrx_word' id='word_1_313' title='bbox 918 3055 1133 3136; x_wconf 79' lang='grc' dir='ltr'><strong><em>μεταβάσεως,</em></strong></span> <span class='ocrx_word' id='word_1_314' title='bbox 1157 3055 1229 3118; x_wconf 82' lang='grc' dir='ltr'><strong><em>οὔτε</em></strong></span> <span class='ocrx_word' id='word_1_315' title='bbox 1245 3055 1386 3135; x_wconf 81' lang='grc' dir='ltr'><strong><em>φαίνεται</em></strong></span> <span class='ocrx_word' id='word_1_316' title='bbox 1400 3053 1482 3118; x_wconf 82' lang='grc' dir='ltr'><strong><em>κατὰ</em></strong></span> <span class='ocrx_word' id='word_1_317' title='bbox 1583 3077 1584 3136; x_wconf 64' lang='lat' dir='ltr'><strong>j</strong></span> 
     </span>
    </p>
   </div>
   <div class='ocr_carea' id='block_1_14' title="bbox 196 3142 1482 3403">
    <p class='ocr_par' dir='ltr' id='par_1_15' title="bbox 196 3142 1482 3403">
     <span class='ocr_line' id='line_1_32' title="bbox 197 3142 1480 3226; baseline 0.001 -21"><span class='ocrx_word' id='word_1_318' title='bbox 197 3143 253 3224; x_wconf 82' lang='grc' dir='ltr'><strong><em>τὴν</em></strong></span> <span class='ocrx_word' id='word_1_319' title='bbox 275 3143 423 3226; x_wconf 87' lang='grc' dir='ltr'><strong><em>αἴσθησιν</em></strong></span> <span class='ocrx_word' id='word_1_320' title='bbox 451 3150 481 3203; x_wconf 89' lang='lat' dir='ltr'>et</span> <span class='ocrx_word' id='word_1_321' title='bbox 504 3147 546 3206; x_wconf 70' lang='lat' dir='ltr'>in,</span> <span class='ocrx_word' id='word_1_322' title='bbox 559 3147 654 3204; x_wconf 83' lang='lat' dir='ltr'>Ethic.</span> <span class='ocrx_word' id='word_1_323' title='bbox 677 3145 791 3205; x_wconf 87' lang='lat' dir='ltr'>Nicom.</span> <span class='ocrx_word' id='word_1_324' title='bbox 815 3147 849 3204; x_wconf 94' lang='lat' dir='ltr'>A.</span> <span class='ocrx_word' id='word_1_325' title='bbox 866 3146 933 3204; x_wconf 89' lang='lat' dir='ltr'>XIII</span> <span class='ocrx_word' id='word_1_326' title='bbox 956 3166 984 3222; x_wconf 91' lang='lat' dir='ltr'>p.</span> <span class='ocrx_word' id='word_1_327' title='bbox 1004 3147 1087 3205; x_wconf 88' lang='grc'>1102</span> <span class='ocrx_word' id='word_1_328' title='bbox 1105 3147 1123 3203; x_wconf 96' lang='lat' dir='ltr'>b</span> <span class='ocrx_word' id='word_1_329' title='bbox 1140 3147 1192 3205; x_wconf 92' lang='lat'>11:</span> <span class='ocrx_word' id='word_1_330' title='bbox 1225 3142 1302 3206; x_wconf 85' lang='grc' dir='ltr'><strong><em>ἀλλὰ</em></strong></span> <span class='ocrx_word' id='word_1_331' title='bbox 1325 3143 1399 3225; x_wconf 83' lang='grc' dir='ltr'><strong><em>περὶ</em></strong></span> <span class='ocrx_word' id='word_1_332' title='bbox 1420 3143 1480 3224; x_wconf 82' lang='grc' dir='ltr'>μὲν</span> 
     </span>
     <span class='ocr_line' id='line_1_33' title="bbox 196 3231 1482 3315; baseline 0 -21"><span class='ocrx_word' id='word_1_333' title='bbox 196 3233 318 3295; x_wconf 87' lang='grc' dir='ltr'><strong><em>τούτων</em></strong></span> <span class='ocrx_word' id='word_1_334' title='bbox 341 3233 417 3303; x_wconf 80' lang='grc' dir='ltr'><strong><em>ἅλις,</em></strong></span> <span class='ocrx_word' id='word_1_335' title='bbox 445 3233 498 3294; x_wconf 88' lang='grc' dir='ltr'>καὶ</span> <span class='ocrx_word' id='word_1_336' title='bbox 521 3231 556 3294; x_wconf 88' lang='grc' dir='ltr'><strong><em>τὸ</em></strong></span> <span class='ocrx_word' id='word_1_337' title='bbox 579 3231 751 3313; x_wconf 82' lang='grc' dir='ltr'><strong><em>θρεπτικὸν</em></strong></span> <span class='ocrx_word' id='word_1_338' title='bbox 774 3233 890 3305; x_wconf 79' lang='grc' dir='ltr'><strong><em>ἐατέον,</em></strong></span> <span class='ocrx_word' id='word_1_339' title='bbox 922 3233 1028 3315; x_wconf 79' lang='grc' dir='ltr'><strong><em>ἐπειδὴ</em></strong></span> <span class='ocrx_word' id='word_1_340' title='bbox 1053 3239 1108 3315; x_wconf 83' lang='grc' dir='ltr'><strong><em>τῆς</em></strong></span> <span class='ocrx_word' id='word_1_341' title='bbox 1131 3233 1343 3314; x_wconf 82' lang='grc' dir='ltr'><strong><em>ἀνθρωπικῆς</em></strong></span> <span class='ocrx_word' id='word_1_342' title='bbox 1366 3232 1482 3314; x_wconf 81' lang='grc' dir='ltr'><strong><em>ἀρετῆς</em></strong></span> 
     </span>
     <span class='ocr_line' id='line_1_34' title="bbox 197 3322 1481 3403; baseline -0.001 -20"><span class='ocrx_word' id='word_1_343' title='bbox 197 3322 333 3403; x_wconf 81' lang='grc' dir='ltr'><strong><em>ἄμοιρον</em></strong></span> <span class='ocrx_word' id='word_1_344' title='bbox 347 3322 499 3402; x_wconf 78' lang='grc' dir='ltr'><strong><em>πέφυκεν.</em></strong></span> <span class='ocrx_word' id='word_1_345' title='bbox 530 3325 636 3399; x_wconf 89' lang='lat' dir='ltr'>Itaque</span> <span class='ocrx_word' id='word_1_346' title='bbox 653 3324 689 3382; x_wconf 93' lang='lat' dir='ltr'>de</span> <span class='ocrx_word' id='word_1_347' title='bbox 713 3325 820 3382; x_wconf 87' lang='lat' dir='ltr'>ceteris</span> <span class='ocrx_word' id='word_1_348' title='bbox 838 3325 1019 3383; x_wconf 86' lang='lat' dir='ltr'>coniecturis</span> <span class='ocrx_word' id='word_1_349' title='bbox 1036 3325 1169 3383; x_wconf 88' lang='lat' dir='ltr'>virorum</span> <span class='ocrx_word' id='word_1_350' title='bbox 1185 3325 1344 3382; x_wconf 89' lang='lat' dir='ltr'>doctorum</span> <span class='ocrx_word' id='word_1_351' title='bbox 1360 3325 1481 3382; x_wconf 89' lang='lat' dir='ltr'>tacebo.</span> 
     </span>
    </p>
   </div>
   <div class='ocr_carea' id='block_1_15' title="bbox 303 3411 1584 3504">
    <p class='ocr_par' dir='ltr' id='par_1_16' title="bbox 303 3411 1584 3504">
     <span class='ocr_line' id='line_1_35' title="bbox 303 3411 1584 3504; baseline -0.002 -34"><span class='ocrx_word' id='word_1_352' title='bbox 303 3413 379 3473; x_wconf 93' lang='lat' dir='ltr'>Post</span> <span class='ocrx_word' id='word_1_353' title='bbox 408 3411 524 3473; x_wconf 87' lang='grc' dir='ltr'><strong><em>τελείου</em></strong></span> <span class='ocrx_word' id='word_1_354' title='bbox 560 3416 662 3470; x_wconf 89' lang='lat' dir='ltr'>autem</span> <span class='ocrx_word' id='word_1_355' title='bbox 692 3413 834 3471; x_wconf 89' lang='lat' dir='ltr'>lacunam</span> <span class='ocrx_word' id='word_1_356' title='bbox 866 3415 897 3470; x_wconf 95' lang='lat' dir='ltr'>in</span> <span class='ocrx_word' id='word_1_357' title='bbox 932 3415 1034 3474; x_wconf 90' lang='lat' dir='ltr'>codice</span> <span class='ocrx_word' id='word_1_358' title='bbox 1059 3413 1149 3471; x_wconf 83' lang='lat' dir='ltr'>Goisl.</span> <span class='ocrx_word' id='word_1_359' title='bbox 1182 3431 1250 3472; x_wconf 84' lang='lat' dir='ltr'>esse</span> <span class='ocrx_word' id='word_1_360' title='bbox 1284 3413 1481 3471; x_wconf 89' lang='lat' dir='ltr'>statuendam</span> <span class='ocrx_word' id='word_1_361' title='bbox 1583 3479 1584 3504; x_wconf 16' lang='grc' dir='ltr'><strong>ᾖ</strong></span> 
     </span>
    </p>
   </div>
   <div class='ocr_carea' id='block_1_16' title="bbox 198 3497 1481 3582">
    <p class='ocr_par' dir='ltr' id='par_1_17' title="bbox 198 3497 1481 3582">
     <span class='ocr_line' id='line_1_36' title="bbox 198 3497 1481 3582; baseline -0.001 -23"><span class='ocrx_word' id='word_1_362' title='bbox 198 3505 333 3576; x_wconf 88' lang='lat' dir='ltr'>apparet.</span> <span class='ocrx_word' id='word_1_363' title='bbox 386 3502 489 3577; x_wconf 89' lang='lat' dir='ltr'>Neque</span> <span class='ocrx_word' id='word_1_364' title='bbox 521 3502 646 3560; x_wconf 91' lang='lat' dir='ltr'>dubium</span> <span class='ocrx_word' id='word_1_365' title='bbox 681 3504 737 3570; x_wconf 85' lang='lat' dir='ltr'>est,</span> <span class='ocrx_word' id='word_1_366' title='bbox 774 3503 848 3578; x_wconf 94' lang='lat' dir='ltr'>quin</span> <span class='ocrx_word' id='word_1_367' title='bbox 882 3505 1006 3561; x_wconf 89' lang='lat' dir='ltr'>auctore</span> <span class='ocrx_word' id='word_1_368' title='bbox 1031 3497 1205 3582; x_wconf 79' lang='lat' dir='ltr'>Vahlen01)</span> <span class='ocrx_word' id='word_1_369' title='bbox 1237 3500 1481 3578; x_wconf 84' lang='lat' dir='ltr'>supplementum</span> 
     </span>
    </p>
   </div>
   <div class='ocr_carea' id='block_1_17' title="bbox 197 3569 1584 3759">
    <p class='ocr_par' dir='ltr' id='par_1_18' title="bbox 197 3569 1584 3759">
     <span class='ocr_line' id='line_1_37' title="bbox 198 3569 1584 3665; baseline -0.004 -16"><span class='ocrx_word' id='word_1_370' title='bbox 198 3592 377 3650; x_wconf 89' lang='lat' dir='ltr'>sumendum</span> <span class='ocrx_word' id='word_1_371' title='bbox 406 3592 448 3649; x_wconf 88' lang='lat' dir='ltr'>sit</span> <span class='ocrx_word' id='word_1_372' title='bbox 478 3609 516 3648; x_wconf 90' lang='lat' dir='ltr'>ex</span> <span class='ocrx_word' id='word_1_373' title='bbox 543 3591 718 3664; x_wconf 86' lang='lat' dir='ltr'>tragoediae</span> <span class='ocrx_word' id='word_1_374' title='bbox 742 3591 917 3649; x_wconf 86' lang='lat' dir='ltr'>delinitione</span> <span class='ocrx_word' id='word_1_375' title='bbox 948 3593 979 3649; x_wconf 92' lang='lat' dir='ltr'>in</span> <span class='ocrx_word' id='word_1_376' title='bbox 1011 3595 1076 3649; x_wconf 89' lang='lat' dir='ltr'>arte</span> <span class='ocrx_word' id='word_1_377' title='bbox 1099 3594 1179 3665; x_wconf 86' lang='lat' dir='ltr'>poet.</span> <span class='ocrx_word' id='word_1_378' title='bbox 1203 3592 1325 3648; x_wconf 88' lang='lat' dir='ltr'>tradita.</span> <span class='ocrx_word' id='word_1_379' title='bbox 1373 3569 1485 3665; x_wconf 84' lang='lat' dir='ltr'>Itaque</span> <span class='ocrx_word' id='word_1_380' title='bbox 1583 3635 1584 3642; x_wconf 71' lang='grc'>,</span> 
     </span>
     <span class='ocr_line' id='line_1_38' title="bbox 197 3676 1584 3759; baseline -0.001 -21"><span class='ocrx_word' id='word_1_381' title='bbox 197 3681 273 3738; x_wconf 88' lang='lat' dir='ltr'>haec</span> <span class='ocrx_word' id='word_1_382' title='bbox 297 3681 390 3738; x_wconf 90' lang='lat' dir='ltr'>verba</span> <span class='ocrx_word' id='word_1_383' title='bbox 413 3680 603 3738; x_wconf 86' lang='lat' dir='ltr'>iutereidisse</span> <span class='ocrx_word' id='word_1_384' title='bbox 632 3681 825 3738; x_wconf 87' lang='lat' dir='ltr'>manifestum</span> <span class='ocrx_word' id='word_1_385' title='bbox 850 3683 910 3738; x_wconf 86' lang='lat' dir='ltr'>est:</span> <span class='ocrx_word' id='word_1_386' title='bbox 943 3677 1114 3759; x_wconf 81' lang='grc' dir='ltr'><strong><em>ἡδυσμένῳ</em></strong></span> <span class='ocrx_word' id='word_1_387' title='bbox 1138 3676 1233 3759; x_wconf 85' lang='grc' dir='ltr'><strong><em>λόγῳ.</em></strong></span> <span class='ocrx_word' id='word_1_388' title='bbox 1280 3682 1362 3751; x_wconf 81' lang='lat' dir='ltr'>Quae</span> <span class='ocrx_word' id='word_1_389' title='bbox 1387 3681 1483 3737; x_wconf 86' lang='lat' dir='ltr'>verba</span> <span class='ocrx_word' id='word_1_390' title='bbox 1583 3739 1584 3756; x_wconf 13' lang='grc' dir='ltr'>χ</span> 
     </span>
    </p>
   </div>
   <div class='ocr_carea' id='block_1_18' title="bbox 197 3765 1483 4205">
    <p class='ocr_par' dir='ltr' id='par_1_19' title="bbox 197 3765 1483 4205">
     <span class='ocr_line' id='line_1_39' title="bbox 198 3765 1482 3847; baseline 0.002 -21"><span class='ocrx_word' id='word_1_391' title='bbox 198 3771 236 3828; x_wconf 94' lang='lat' dir='ltr'>ab</span> <span class='ocrx_word' id='word_1_392' title='bbox 259 3769 423 3827; x_wconf 86' lang='lat' dir='ltr'>Aristotele</span> <span class='ocrx_word' id='word_1_393' title='bbox 448 3769 504 3826; x_wconf 92' lang='lat' dir='ltr'>hoc</span> <span class='ocrx_word' id='word_1_394' title='bbox 536 3769 625 3826; x_wconf 90' lang='lat' dir='ltr'>modo</span> <span class='ocrx_word' id='word_1_395' title='bbox 654 3770 844 3844; x_wconf 83' lang='lat' dir='ltr'>explicantur</span> <span class='ocrx_word' id='word_1_396' title='bbox 868 3787 894 3843; x_wconf 92' lang='lat' dir='ltr'>p.</span> <span class='ocrx_word' id='word_1_397' title='bbox 915 3770 998 3828; x_wconf 89' lang='grc'><strong>1449</strong></span> <span class='ocrx_word' id='word_1_398' title='bbox 1016 3772 1034 3826; x_wconf 95' lang='lat' dir='ltr'>b</span> <span class='ocrx_word' id='word_1_399' title='bbox 1049 3770 1103 3827; x_wconf 78' lang='lat'>27:</span> <span class='ocrx_word' id='word_1_400' title='bbox 1135 3767 1218 3847; x_wconf 85' lang='grc' dir='ltr'><strong><em>λέγω</em></strong></span> <span class='ocrx_word' id='word_1_401' title='bbox 1243 3765 1277 3828; x_wconf 79' lang='grc' dir='ltr'>δὲ</span> <span class='ocrx_word' id='word_1_402' title='bbox 1301 3765 1482 3847; x_wconf 81' lang='grc' dir='ltr'><strong><em>ἡθυσμὲνον</em></strong></span> 
     </span>
     <span class='ocr_line' id='line_1_40' title="bbox 197 3854 1483 3937; baseline -0.002 -19"><span class='ocrx_word' id='word_1_403' title='bbox 197 3855 292 3936; x_wconf 83' lang='grc' dir='ltr'><strong><em>λόγον</em></strong></span> <span class='ocrx_word' id='word_1_404' title='bbox 314 3855 368 3917; x_wconf 87' lang='grc' dir='ltr'><strong><em>τὸν</em></strong></span> <span class='ocrx_word' id='word_1_405' title='bbox 392 3856 503 3936; x_wconf 83' lang='grc' dir='ltr'><strong><em>ἔχοντα</em></strong></span> <span class='ocrx_word' id='word_1_406' title='bbox 527 3854 658 3936; x_wconf 85' lang='grc' dir='ltr'><strong><em>ῥυθμὸν</em></strong></span> <span class='ocrx_word' id='word_1_407' title='bbox 687 3856 741 3918; x_wconf 85' lang='grc' dir='ltr'>καὶ</span> <span class='ocrx_word' id='word_1_408' title='bbox 772 3856 927 3936; x_wconf 87' lang='grc' dir='ltr'><strong><em>ἁρμονίαν</em></strong></span> <span class='ocrx_word' id='word_1_409' title='bbox 950 3855 1004 3918; x_wconf 82' lang='grc' dir='ltr'>καὶ</span> <span class='ocrx_word' id='word_1_410' title='bbox 1025 3856 1150 3937; x_wconf 89' lang='grc' dir='ltr'><strong><em>μέτρον.</em></strong></span> <span class='ocrx_word' id='word_1_411' title='bbox 1197 3857 1334 3916; x_wconf 83' lang='lat' dir='ltr'>Ceterum</span> <span class='ocrx_word' id='word_1_412' title='bbox 1361 3856 1483 3936; x_wconf 86' lang='grc' dir='ltr'><strong><em>μέτρον</em></strong></span> 
     </span>
     <span class='ocr_line' id='line_1_41' title="bbox 198 3945 1482 4026; baseline 0 -22"><span class='ocrx_word' id='word_1_413' title='bbox 198 3965 266 4005; x_wconf 89' lang='lat' dir='ltr'>esse</span> <span class='ocrx_word' id='word_1_414' title='bbox 290 3946 450 4020; x_wconf 88' lang='lat' dir='ltr'>legendum</span> <span class='ocrx_word' id='word_1_415' title='bbox 473 3965 527 4022; x_wconf 92' lang='lat' dir='ltr'>pro</span> <span class='ocrx_word' id='word_1_416' title='bbox 550 3945 655 4026; x_wconf 85' lang='grc' dir='ltr'><strong><em>μέλος,</em></strong></span> <span class='ocrx_word' id='word_1_417' title='bbox 691 3947 773 4022; x_wconf 92' lang='lat' dir='ltr'>quod</span> <span class='ocrx_word' id='word_1_418' title='bbox 797 3949 922 4021; x_wconf 88' lang='lat' dir='ltr'>praebet</span> <span class='ocrx_word' id='word_1_419' title='bbox 946 3948 1042 4005; x_wconf 90' lang='lat' dir='ltr'>codex</span> <span class='ocrx_word' id='word_1_420' title='bbox 1065 3947 1235 4015; x_wconf 69' lang='lat' dir='ltr'>Parisinus</span> <span class='ocrx_word' id='word_1_421' title='bbox 1262 3949 1386 4004; x_wconf 88' lang='lat' dir='ltr'>auctore</span> <span class='ocrx_word' id='word_1_422' title='bbox 1409 3947 1482 4004; x_wconf 90' lang='lat' dir='ltr'>Vic-</span> 
     </span>
     <span class='ocr_line' id='line_1_42' title="bbox 197 4031 1482 4114; baseline 0.001 -21"><span class='ocrx_word' id='word_1_423' title='bbox 197 4036 276 4094; x_wconf 88' lang='lat' dir='ltr'>torio</span> <span class='ocrx_word' id='word_1_424' title='bbox 294 4035 463 4109; x_wconf 88' lang='lat' dir='ltr'>colligimus</span> <span class='ocrx_word' id='word_1_425' title='bbox 488 4055 525 4094; x_wconf 87' lang='lat' dir='ltr'>ex</span> <span class='ocrx_word' id='word_1_426' title='bbox 548 4037 592 4094; x_wconf 81' lang='lat' dir='ltr'>ets</span> <span class='ocrx_word' id='word_1_427' title='bbox 616 4037 726 4102; x_wconf 67' lang='lat' dir='ltr'>verbis.</span> <span class='ocrx_word' id='word_1_428' title='bbox 753 4054 830 4111; x_wconf 90' lang='lat' dir='ltr'>quae</span> <span class='ocrx_word' id='word_1_429' title='bbox 855 4039 979 4096; x_wconf 89' lang='lat' dir='ltr'>exstant</span> <span class='ocrx_word' id='word_1_430' title='bbox 1001 4054 1028 4110; x_wconf 95' lang='lat' dir='ltr'>p.</span> <span class='ocrx_word' id='word_1_431' title='bbox 1049 4037 1131 4095; x_wconf 79' lang='lat'><strong>1447</strong></span> <span class='ocrx_word' id='word_1_432' title='bbox 1150 4037 1223 4094; x_wconf 88' lang='lat' dir='ltr'>b23</span> <span class='ocrx_word' id='word_1_433' title='bbox 1238 4054 1317 4112; x_wconf 90' lang='lat' dir='ltr'>sqq:</span> <span class='ocrx_word' id='word_1_434' title='bbox 1341 4031 1482 4114; x_wconf 81' lang='grc' dir='ltr'><strong><em>λέγωδὲ</em></strong></span> 
     </span>
     <span class='ocr_line' id='line_1_43' title="bbox 198 4121 1482 4205; baseline -0.005 -19"><span class='ocrx_word' id='word_1_435' title='bbox 198 4122 265 4187; x_wconf 89' lang='grc' dir='ltr'><strong><em>οἷον</em></strong></span> <span class='ocrx_word' id='word_1_436' title='bbox 288 4122 410 4204; x_wconf 84' lang='grc' dir='ltr'><strong><em>ῥυθμῷ</em></strong></span> <span class='ocrx_word' id='word_1_437' title='bbox 437 4123 491 4185; x_wconf 84' lang='grc' dir='ltr'>καὶ</span> <span class='ocrx_word' id='word_1_438' title='bbox 513 4123 599 4205; x_wconf 89' lang='grc' dir='ltr'><strong><em>μέλει</em></strong></span> <span class='ocrx_word' id='word_1_439' title='bbox 626 4123 680 4184; x_wconf 82' lang='grc' dir='ltr'>καί</span> <span class='ocrx_word' id='word_1_440' title='bbox 706 4121 849 4204; x_wconf 60' lang='grc' dir='ltr'><strong><em>μέτρῳθ)</em></strong></span> <span class='ocrx_word' id='word_1_441' title='bbox 896 4125 979 4183; x_wconf 88' lang='lat' dir='ltr'>Haec</span> <span class='ocrx_word' id='word_1_442' title='bbox 1003 4128 1105 4183; x_wconf 89' lang='lat' dir='ltr'>autem</span> <span class='ocrx_word' id='word_1_443' title='bbox 1135 4126 1237 4185; x_wconf 90' lang='lat' dir='ltr'>omnia</span> <span class='ocrx_word' id='word_1_444' title='bbox 1260 4125 1409 4200; x_wconf 89' lang='lat' dir='ltr'>quadrare</span> <span class='ocrx_word' id='word_1_445' title='bbox 1441 4124 1482 4182; x_wconf 88' lang='lat' dir='ltr'>ad</span> 
     </span>
    </p>
   </div>
   <div class='ocr_carea' id='block_1_19' title="bbox 199 4213 1483 4292">
    <p class='ocr_par' dir='ltr' id='par_1_20' title="bbox 199 4213 1483 4292">
     <span class='ocr_line' id='line_1_44' title="bbox 199 4213 1483 4292; baseline 0.001 -21"><span class='ocrx_word' id='word_1_446' title='bbox 199 4215 385 4271; x_wconf 82' lang='lat' dir='ltr'>comoediam</span> <span class='ocrx_word' id='word_1_447' title='bbox 402 4215 583 4273; x_wconf 89' lang='lat' dir='ltr'>Aristoteles</span> <span class='ocrx_word' id='word_1_448' title='bbox 600 4215 666 4290; x_wconf 90' lang='lat' dir='ltr'>ipse</span> <span class='ocrx_word' id='word_1_449' title='bbox 684 4215 757 4271; x_wconf 91' lang='lat' dir='ltr'>dicit</span> <span class='ocrx_word' id='word_1_450' title='bbox 772 4215 876 4271; x_wconf 89' lang='lat' dir='ltr'>eodem</span> <span class='ocrx_word' id='word_1_451' title='bbox 892 4214 973 4273; x_wconf 90' lang='lat' dir='ltr'>loco:</span> <span class='ocrx_word' id='word_1_452' title='bbox 990 4213 1046 4275; x_wconf 82' lang='grc' dir='ltr'><strong><em>εἰσὶ</em></strong></span> <span class='ocrx_word' id='word_1_453' title='bbox 1062 4213 1098 4276; x_wconf 81' lang='grc' dir='ltr'>δέ</span> <span class='ocrx_word' id='word_1_454' title='bbox 1112 4236 1190 4281; x_wconf 87' lang='grc' dir='ltr'><strong><em>τινες</em></strong></span> <span class='ocrx_word' id='word_1_455' title='bbox 1205 4213 1241 4273; x_wconf 86' lang='grc' dir='ltr'>αἳ</span> <span class='ocrx_word' id='word_1_456' title='bbox 1252 4216 1327 4274; x_wconf 85' lang='grc' dir='ltr'><strong><em>πᾶσι</em></strong></span> <span class='ocrx_word' id='word_1_457' title='bbox 1342 4216 1483 4292; x_wconf 86' lang='grc' dir='ltr'><strong><em>χρῶνται</em></strong></span> 
     </span>
    </p>
   </div>
   <div class='ocr_carea' id='block_1_20' title="bbox 305 4421 1170 4563">
    <p class='ocr_par' dir='ltr' id='par_1_21' title="bbox 305 4421 1170 4563">
     <span class='ocr_line' id='line_1_45' title="bbox 306 4421 877 4504; baseline -0.007 -26"><span class='ocrx_word' id='word_1_458' title='bbox 306 4423 324 4492; x_wconf 74' lang='lat'>¹)</span> <span class='ocrx_word' id='word_1_459' title='bbox 345 4421 381 4478; x_wconf 87' lang='lat' dir='ltr'>el.</span> <span class='ocrx_word' id='word_1_460' title='bbox 399 4423 470 4478; x_wconf 86' lang='lat' dir='ltr'>artie</span> <span class='ocrx_word' id='word_1_461' title='bbox 487 4428 564 4492; x_wconf 90' lang='lat' dir='ltr'>poet.</span> <span class='ocrx_word' id='word_1_462' title='bbox 584 4421 737 4502; x_wconf 77' lang='lat' dir='ltr'>editionem</span> <span class='ocrx_word' id='word_1_463' title='bbox 746 4421 774 4504; x_wconf 90' lang='lat'><strong>3</strong></span> <span class='ocrx_word' id='word_1_464' title='bbox 794 4438 820 4491; x_wconf 94' lang='lat' dir='ltr'>p.</span> <span class='ocrx_word' id='word_1_465' title='bbox 834 4421 877 4504; x_wconf 65' lang='lat'>73.</span> 
     </span>
     <span class='ocr_line' id='line_1_46' title="bbox 305 4491 1170 4563; baseline -0.002 -15"><span class='ocrx_word' id='word_1_466' title='bbox 305 4495 324 4563; x_wconf 73' lang='lat'>²)</span> <span class='ocrx_word' id='word_1_467' title='bbox 343 4495 407 4548; x_wconf 92' lang='lat' dir='ltr'>Non</span> <span class='ocrx_word' id='word_1_468' title='bbox 425 4496 501 4548; x_wconf 89' lang='lat' dir='ltr'>recte</span> <span class='ocrx_word' id='word_1_469' title='bbox 520 4494 575 4548; x_wconf 88' lang='lat' dir='ltr'>hac</span> <span class='ocrx_word' id='word_1_470' title='bbox 594 4494 629 4547; x_wconf 92' lang='lat' dir='ltr'>de</span> <span class='ocrx_word' id='word_1_471' title='bbox 648 4509 678 4547; x_wconf 88' lang='lat' dir='ltr'>re</span> <span class='ocrx_word' id='word_1_472' title='bbox 696 4493 803 4546; x_wconf 82' lang='lat' dir='ltr'>iudicat</span> <span class='ocrx_word' id='word_1_473' title='bbox 821 4493 961 4548; x_wconf 77' lang='lat' dir='ltr'>Finslerus</span> <span class='ocrx_word' id='word_1_474' title='bbox 980 4494 997 4550; x_wconf 92' lang='lat' dir='ltr'>l.</span> <span class='ocrx_word' id='word_1_475' title='bbox 1011 4510 1033 4548; x_wconf 87' lang='lat' dir='ltr'>s.</span> <span class='ocrx_word' id='word_1_476' title='bbox 1046 4510 1068 4549; x_wconf 87' lang='lat' dir='ltr'>s.</span> <span class='ocrx_word' id='word_1_477' title='bbox 1086 4510 1113 4563; x_wconf 93' lang='lat' dir='ltr'>p.</span> <span class='ocrx_word' id='word_1_478' title='bbox 1126 4491 1170 4548; x_wconf 82' lang='lat'>53.</span> 
     </span>
    </p>
   </div>
   <div class='ocr_carea' id='block_1_21' title="bbox 0 0 1602 4944">
    <p class='ocr_par' dir='ltr' id='par_1_22' title="bbox 0 0 1602 4944">
     <span class='ocr_line' id='line_1_47' title="bbox 0 0 1602 4944; baseline 0 0"><span class='ocrx_word' id='word_1_479' title='bbox 0 0 1602 4944; x_wconf 95' lang='lat' dir='ltr'> </span> 
     </span>
    </p>
   </div>
  </div>
 </body>
</html>
