3190 4944
749 270 794 279 -
837 224 881 294 “122
927 270 972 280 -
1027 256 1029 260 ·

151 402 154 408 ’
216 403 345 488 'dignum
376 431 452 472 essev
475 399 546 471 mihi
578 415 700 472 videtur
729 397 812 473 hisce
835 415 911 473 locis
934 397 1073 474 Platonis
1098 415 1265 474 doctrinam
1288 418 1416 476 inveniri
1439 437 1503 478 uno

220 502 289 561 loco
313 505 471 563 mutatam.
509 503 590 561 Dicit
605 491 684 561 cuim
700 503 762 562 ille:
786 502 806 583 ἡ
824 500 859 563 δὲ
885 501 929 563 δι’
950 501 1144 582 ἀπαγγελίας
1159 503 1257 566 αὐτοῦ
1273 509 1329 566 τοῦ
1345 511 1502 586 ποιητοῦ·

221 589 326 670 εὕροις
350 588 380 651 δ4
406 591 445 651 δν
462 588 560 672 αὐτὴν
576 589 790 671 μάλιστά-που
807 591 840 653 ἐν
858 589 1079 672 διθυράμβοις.
1119 595 1229 653 Contra
1245 613 1265 652 a
1279 596 1503 670 posterioribus

164 687 169 696 '
215 698 276 755 pro
292 681 489 738 hisceverbis
507 685 620 739 certum
638 682 806 756 exemplum
822 682 980 739 mulierum
997 683 1285 757 catalogiHesiodei
1298 687 1345 742 est
1356 685 1503 760 positum.

214 769 382 852 Artissime
410 774 512 828 autem
531 788 604 828 oum
628 771 849 845 prolegomenis
873 771 1057 830 Theocriteis
1082 773 1241 831 cohaerere
1264 773 1336 830 mihi
1361 774 1504 832 videntur

213 855 266 925 sa,
294 875 373 934 quae·
396 859 514 934 scripta
525 859 655 933 legimus
671 861 752 935 apud
770 860 971 919 Villoisonurn
987 861 1018 918 in
1034 861 1137 919 anscd.
1155 863 1259 920 Graec.
1275 861 1374 930 volsll
1389 881 1417 938 p.
1439 855 1501 922 186

211 949 290 1006 ·adn.
311 948 340 1012 1:
363 946 433 1026 τρία
457 945 523 1027 εἴδη
548 946 708 1027 ποιήσεως
725 946 985 1029 Ιδιηγηματικόν,
1009 947 1179 1029 μιμητικὸν
1202 948 1256 1022 καὶ
1271 948 1392 1028 μικτόν.
1432 949 1502 1030 διη-

212 1033 397 1118 γηματικὸν
420 1035 491 1115 μέν,
521 1033 572 1096 ὅτε
594 1033 630 1097 τὸ
652 1041 725 1116 ,του
733 1041 867 1118 ποιητοῦ
890 1036 1068 1118 πρόσωπον
1092 1037 1274 1118 ἐμφαίνεται
1298 1056 1304 1069 ·
1328 1036 1502 1119 μιμητικὸν

212 1123 270 1196 δέ,
299 1123 349 1185 ὅτε
374 1119 697 1207 διάφοραπράσωπα
721 1124 896 1207 ὅποιητὴς
918 1131 1055 1206 μιμεῖται
1079 1144 1085 1208 ζ
1108 1124 1222 1206 μικτδν
1246 1125 1290 1206 δέ,
1315 1126 1365 1188 ὅτε
1388 1126 1442 1188 καὶ
1465 1126 1502 1189 τὸ

211 1218 277 1275 ’τοῦ
300 1201 437 1294 ποιητοῦΙ
458 1212 636 1292 πρόσωπον
660 1213 851 1295 ἐμφαίνεται,
875 1213 929 1276 καί
946 1214 1113 1296 διαφόρων
1129 1215 1316 1295 προσώπων
1332 1214 1503 1300 μίμησις.4)

212 1301 331 1370 ’άλλως
350 1319 365 1336 ··
382 1300 619 1382 διηγηματικόν,
652 1303 745 1388 ἡνίκα
777 1302 913 1383 ὁλάγος
932 1303 980 1364 ἐκ
1003 1309 1169 1384 ποιητικοῦ
1192 1303 1303 1384 μάνου·
1320 1305 1502 1385 προσώπου

212 1387 370 1474 Κ“,ίέγέτα·ι4)
394 1409 402 1434 '¹
419 1390 603 1473 μιμητικόν,
628 1391 734 1471 ὥςπερ
758 1391 802 1452 αἵ
817 1391 988 1474 κωμῳδίαι
1011 1392 1064 1454 καὶ
1087 1393 1121 1454 αἱ
1141 1392 1314 1474 τραγῳδίαι
1338 1412 1344 1424 ·
1369 1393 1403 1455 ἐν
1425 1393 1502 1455 rori*-

213 1491 285 1566 ῑτοις
309 1477 371 1559 γάρ
393 1477 429 1540 τὸ
452 1485 508 1541 τοῦ
532 1480 723 1561 ποιήσαντος
747 1480 807 1542 οὐκ
831 1480 1022 1586 ἐμφαίνεται,
1047 1480 1125 1542 ἀλλὰ
1149 1485 1286 1562 μιμεῖται
1309 1483 1397 1562 ἕτερα
1419 1481 1502 1586 πρά-

214 1579 339 1630 σωπα
358 1567 479 1649 μικτόν,
504 1567 561 1648 ώς
574 1569 607 1630 αἱ
630 1568 793 1650 ραφῳδίαι
813 1592 872 1631 του
891 1567 1050 1651 Ομήρου.
1054 1566 1080 1652 ⁸)
1127 1573 1212 1630 Hanc
1236 1576 1339 1631 autem
1361 1573 1503 1632 Platonis

213 1659 315 1716 ‘doct'
279 1663 393 1740 trinam
419 1658 574 1718 rhetores
588 1675 710 1738 quoque
741 1660 772 1717 in
796 1678 886 1718 usum
910 1679 999 1738 suurn
1023 1663 1238 1719 converterunt
1225 1663 1304 1719 teis
1329 1662 1414 1730 locis,
1447 1663 1503 1719 ubi

215 1748 258 1804 de
273 1748 448 1806 narratione
461 1750 580 1823 agunt·
599 1749 698 1806 Velut
677 1752 700 1806 tr
717 1750 812 1824 script
813 1767 864 1806 um
868 1743 1008 1823 legimus
1025 1750 1106 1836 apud
1119 1735 1287 1819 Nicolaum,
1306 1751 1358 1844 qui
1375 1751 1502 1808 saeculo

220 1855 247 1912 p.
265 1837 339 1894 Chr.-
355 1855 384 1894 n.
400 1837 434 1896 V.
457 1838 525 1907 init,
558 1839 589 1896 in
619 1843 867 1914 progymnasma
868 1856 895 1896 rs
854 1839 978 1898 t.vol
995 1839 1035 1896 lll
1057 1857 1086 1914 p.
1101 1838 1177 1907 “455,
1192 1839 1231 1896 18
1255 1840 1319 1914 Sp:
1342 1841 1407 1899 τών
1431 1836 1502 1918 διη

213 1924 375 2034 γημάτῳν
405 1929 486 2003 τρεῖς
517 1923 573 1993 τὰς
603 1925 708 1994 πάσας
737 1924 821 2006 πρὸς
851 1925 1004 2006 ἀλήθειάν
1028 1945 1124 2006 φασιν
1148 1924 1224 1987 εἶναι
1248 1925 1437 2006 διαφοράς·
1461 1926 1502 1988 τὰ
1586 1921 1587 1938 ’

215 2011 279 2093 μὲν
310 2012 371 2093 γάρ
396 2013 483 2075 ἐστιν
514 2013 748 2095 ἀφηγηματικά
765 2015 835 2095 μέν,
867 2014 926 2077 ὅσα
950 2014 1014 2076 ἀπὸ
1037 2014 1141 2095 μάνου
1164 2020 1221 2076 τοῦ
1246 2013 1501 2095 ἀπαγγέλλοντος

214 2101 398 2181 προσώπου
422 2102 505 2174 εισίν,Ι
530 2101 580 2164 οἷα
595 2125 683 2183 παρα
673 2101 880 2184 Πινδάρῳ·
898 2102 1076 2184 δραματικὰ
1094 2103 1179 2176 δέ,”
1160 2126 1219 2166 οσα
1236 2103 1295 2165 ἀπ
1313 2104 1418 2165 αυτῶν
1434 2109 1501 2165 τῶν

213 2189 443 2272 [ὑποκειμένων
458 2192 646 2271 προσώπων
663 2191 725 2254 ἐστι
736 2192 840 2272 μόνον
844 2191 896 2299 μὴ
909 2194 1216 2274 παρεμφατνομένου
1228 2215 1285 2255 του
1270 2192 1502 2262 συντιθέντος

212 2279 408 2359 προσώπου,
439 2279 601 2360 μικτάδὲ
631 2280 668 2342 τὰ
693 2281 769 2352 ἐξ’
751 2287 873 2370 ομφοῖν
896 2287 953 2343 τοῦ
975 2304 1008 2343 τε
1031 2282 1231 2350 συντιθέντος
1253 2281 1307 2343 και
1329 2286 1394 2343 τῶν
1418 2281 1500 2352 ὑπο-

214 2369 376 2449 κειμένων
392 2369 581 2449 συγκείμενα
596 2369 794 2452 προσώπων,
816 2364 920 2432 υἷα
885 2392 923 2431 τα
941 2370 1178 2452 ἀφηγηματικά,
1201 2392 1239 2431 τα
1230 2369 1292 2432 δὲ
1310 2370 1500 2451 δραματικά,

215 2456 257 2519 ’τὰ
267 2456 317 2518 δὲ
339 2458 443 2538 μικτά.
446 2456 470 2536 4)
504 2460 581 2518 Nam
606 2461 687 2535 quod
703 2461 853 2518 Pindarus
870 2461 1089 2537 aphegematici
1105 2461 1223 2534 generis
1240 2465 1312 2518 auct
1313 2479 1348 2519 or
1299 2462 1499 2531 taiiertur‚

215 2566 289 2606 mea
312 2549 432 2623 quidem
456 2550 608 2607 sententia
631 2553 685 2625 opt
686 2550 744 2608 ime
760 2551 893 2625 quadrat
909 2550 947 2608 ad
965 2550 1033 2606 Plat
1020 2549 1102 2606 tonis
1119 2549 1295 2615 doctrinam,
1321 2551 1501 2625 praesertim

215 2629 288 2695 ·cum
311 2637 367 2694 1115
384 2650 415 2695 re
438 2655 512 2695 vera
535 2639 691 2715 scripserit
714 2635 957 2715 dithyrambos.⁵)
993 2638 1104 2694 Eadem
1119 2638 1181 2695 iere
1197 2639 1291 2696 verba
1308 2641 1400 2715 atque
1417 2641 1501 2714 apud

219 2718 379 2784 Nicolaum
409 2727 606 2798 inveniuntur
622 2728 716 2803 ·apud
740 2741 925 2802 anonymum
949 2727 980 2783 in
1005 2726 1128 2784 scholiis
1153 2727 1192 2784 ad
1215 2727 1402 2803 Apthonium
1425 2726 1501 2786 con'-

215 2807 341 2890 scriptis
365 2815 452 2874 Rhet.
470 2816 518 2873 Gr.
535 2817 562 2874 ll
586 2835 613 2892 p.
634 2818 733 2885 13,17
750 2816 863 2874 Walz.:'
884 2812 972 2874 ἄλλοι
992 2811 1031 2874 ’δὲ
1054 2817 1119 2875 τών
1143 2813 1351 2895 διηγημάτων
1373 2814 1411 2876 τὰ
1435 2816 1497 2895 μέν

213 2919 316 2983 φασιν
332 2899 409 2963 είναι
421 2895 684 2984 ἀφηγηματικά,4ί
701 2903 762 2965 Ιὅσα
774 2902 877 2983 μόνον
888 2901 925 2963 τὸ
938 2901 1136 2982 ἀπαγγέλίον
1149 2903 1294 2983 ἐμφαίνει
1310 2903 1500 2983 πρόσωπον,

217 2986 267 3059 ὥς
289 2989 325 3052 τὸ
347 2996 405 3053 τοῦ
425 2983 593 3071 Πινδάρου
611 3011 618 3023 ’
634 2991 671 3054 τὰ
697 2990 731 3054 δὲ
755 2991 943 3072 δραματικά,
968 2991 1001 3053 ἐν
1026 2990 1073 3060 οἷς
1095 2990 1131 3054 τὸ
1153 2997 1211 3053 τοῦ
1235 2991 1435 3061 συντιθέντος
1459 2993 1500 3054 οὐ

215 3079 678 3160 ’παρεμφαίνωαιπράσωποη
710 3080 763 3143 καὶ
780 3079 823 3142 τὰ
847 3085 912 3142 τῶν
929 3079 1113 3161 τραγῳδῶν
1136 3079 1190 3142 καί
1212 3079 1250 3141 τά
1274 3081 1405 3160 κωμικά
1429 3098 1435 3111 ·
1460 3080 1499 3142 τὰ

219 3167 255 3230 δὲ
278 3167 373 3248 μικτὰ
398 3168 431 3230 ἐν
456 3167 503 3237 οἷς
525 3169 616 3232 τότε
638 3175 694 3232 τοῦ
718 3169 918 3238 συντιθέντος
941 3169 1118 3250 πρόσωπον
1149 3168 1203 3231 καὶ
1233 3168 1272 3230 τὰ
1304 3168 1500 3250 ὑποκείμενα

218 3256 379 3337 πρόσωπα
402 3257 593 3339 ἐμφαίνεται,
618 3258 668 3321 οἷα
691 3256 733 3319 τὰ
752 3264 809 3320 τοῦ
822 3256 969 3340 Ὁμήρου
989 3258 1043 3320 καί
1055 3256 1243 3338 Ἡροδότου.
1279 3257 1499 3338 Doxopatres⁷)

215 3350 321 3406 ¹autem
345 3349 375 3406 in
391 3349 524 3408 homiliis
541 3351 577 3407 ad
595 3350 780 3425 Apthonium
796 3349 822 3407 Il
837 3369 865 3426 p.
879 3350 952 3415 206,
965 3350 1061 3423 30sq.
1079 3347 1174 3406 Walz.
1191 3349 1267 3407 haec
1282 3350 1375 3406 habet
1391 3349 1498 3407 verba:

214 3433 371 3517 Ι’Ζητεῖταη
396 3434 477 3498 διατί
489 3442 561 3498 τῶν
586 3436 793 3518 διηγημάτων
816 3436 870 3498 καὶ
889 3435 969 3498 κατὰ
986 3435 1166 3518 πράγματα,
1190 3435 1270 3497 κατὰ
1286 3434 1346 3516 μὲν
1362 3434 1399 3496 τά
1416 3435 1498 3515 πρά-

213 3529 323 3597 ’σωπα,
348 3524 393 3587 ὅτι
415 3524 453 3586 τά
477 3525 536 3606 μὲν
560 3526 666 3587 αὐτῶν
686 3525 915 3606 άφηγηματικά
933 3525 1022 3596 ἐστιν,
1047 3523 1105 3585 ὅσα
1123 3523 1187 3586 ἀπὸ
1202 3524 1307 3605 μάνου
1323 3528 1379 3586 τοῦ
1396 3545 1498 3603 συντι-

326 3735 345 3804 4)
365 3735 470 3789 Eadem
488 3735 574 3788 verba
591 3732 796 3788 inveniuntur'
788 3750 818 3786 m
836 3709 957 3804 Etymol.
978 3733 1049 3788 Gud.
1070 3732 1113 3787 ed.
1133 3733 1225 3788 Sturz
1244 3732 1444 3804 p.,6818sqq.

325 3807 345 3873 'l
365 3807 399 3860 ci.
419 3822 461 3870 ea
489 3822 561 3876 quae
584 3804 660 3860 inira
684 3821 710 3874 p.
730 3805 765 3859 52
790 3805 825 3858 de
852 3804 1059 3874 hypothesibus
1077 3806 1114 3858 ad
1133 3804 1313 3859 Theocritum
1332 3804 1499 3874 conscriptis

218 3848 483 3933 demonstrabimus.

326 3950 345 4017 4)
364 3947 471 4003 Similia
495 3947 613 4018 praebet
631 3946 840 4001 Phavorinus
832 3963 861 4000 rn
886 3946 977 4000 lexico
1002 3963 1096 4000 suos
1114 3963 1140 4001 v.
1159 3947 1269 4013 ποίησις.
1307 3945 1344 4001 ci.
1362 3946 1498 4001 Reitzen-

220 4020 363 4084 steininm,
383 4018 484 4073 Gesch.
505 4017 554 4072 der
570 4033 611 4086 gr
630 4017 753 4088 Etymol.
767 4017 866 4099 pals
884 4016 948 4072 adn.
964 4017 987 4071 l.

214 4108 219 4116 ·
324 4091 345 4160 ⁴)
364 4090 469 4145 Eadem
487 4087 548 4144 iere
566 4074 773 4144 inveniuntur
766 4104 796 4142 m
814 4087 931 4142 scholiis
950 4087 986 4142 ad
999 4088 1173 4158 Apthonium
1191 4089 1247 4142 vol.
1260 4086 1284 4141 ΙΙ
1303 4104 1329 4158 p
1343 4088 1497 4154 578‚18W.

219 4161 255 4216 ci.
269 4161 517 4216 Gonsbruchium'
509 4178 539 4215 rn
558 4161 735 4215 comment.
726 4177 756 4214 m
769 4159 905 4213 honorem
919 4159 1102 4214 Studemundi
1115 4159 1320 4230 conscriptisp.
1330 4159 1384 4214 234
1396 4160 1461 4214 adn.
1474 4160 1497 4216 l.

214 4321 219 4327 ’
253 4333 256 4338 ·
306 4234 345 4374 ‘i
365 4229 1043 4392 ἓέσἓέἐέῐέσθίίδῖαδάίάἐξίρεοέἐίιέὲἐοδοῗίίέδίεᾳ
1049 4299 1496 4390 Walziussoripsitdpaynpamd,

218 4375 329 4431 sedin
335 4383 472 4446 apparatu
493 4374 589 4429 critico
608 4375 771 4429 adnotavit:
791 4372 899 4427 Mon’
885 4391 1037 4442 αφγγηματι
1037 4371 1092 4427 κά.

326 4447 347 4517 ⁷)
366 4447 408 4500 lle
432 4446 550 4511 ratione,
576 4461 649 4516 quae
673 4446 746 4500 inter
770 4444 824 4499 hos
848 4447 906 4499 tres
930 4449 1063 4499 auctores
1082 4442 1238 4509 intercedit,
1258 4444 1396 4499 conferas
1414 4442 1498 4499 velim

219 4517 433 4575 Graevenium
426 4534 455 4571 m
474 4517 569 4573 llerm
584 4517 641 4572 vol.
653 4516 730 4573 XXX
748 4515 836 4587 (1885)
855 4533 891 4588 p.-
889 4515 956 4570 4-71.
