3190 4944
623 242 845 300 ..53-

96 417 169 482 ποτὲ
193 416 229 481 δὲ
250 417 370 499 μικτόν.
417 419 478 480 ἐστι
510 417 544 480 δὲ
576 416 771 499 δραματικὸν
793 416 854 498 μὲν
877 417 912 480 τὸ
935 417 1073 499 μηδαμῇ
1095 441 1130 498 γε
1160 418 1317 499 ἐμφαῖνον
1340 416 1375 481 τδ

95 507 271 589 πρόσωπον
286 511 342 570 τοῦ
358 505 753 589 ποιητοῦ,·διηγηματικδν
773 505 807 569 δέ
830 505 866 568 τδ
883 505 992 570 διόλου
1015 506 1181 589 ἐμφαῖνον,
1204 506 1317 587 μικτὸν
1341 506 1375 569 δὲ

95 596 130 660 τό
159 603 207 678 πῆ
235 595 296 678 μὲν
326 595 492 677 ἐμφαῖνον,
522 601 568 679 πῇ
599 594 634 657 δὲ
665 596 713 662 οὔ.
759 595 792 657 ἐν
822 599 899 658 πᾶσι
929 594 964 658 δὲ
995 595 1073 658 ὅσον
1097 595 1219 659 οἷόντε
1246 595 1283 657 τὰ
1310 600 1375 658 τῶν
1429 667 1439 674 ,

97 685 258 767 ἀγροίκων
274 684 340 766 ἤθη
364 684 552 766 ἐκμάσσεται
573 688 716 765 τερπνῶς
738 684 821 748 πάνυ
837 683 911 755 τοὺς
928 691 967 767 τῇ
987 684 1133 766 ἀγροικίᾳ
1157 683 1376 765 σκυθρωποὺς

95 774 211 854 λόγους
233 774 518 856 χαρακτηρίζουσα.
554 772 633 836 ὅθεν
649 773 825 855 ἐκπέφευγε
847 772 883 837 τδ
906 773 987 854 άγαν
1010 771 1111 855 ἁδρὸν
1125 773 1180 836 καί
1195 774 1376 855 ὑπέρογκον

94 869 149 945 τῆς
178 863 347 945 ποιήσεως.
393 866 488 943 τριῶν
519 861 579 943 γὰρ
611 863 715 925 ὄντων
738 867 802 925 τῶν
830 863 1043 944 χαρακτήρων
1066 868 1122 926 τοῦ
1152 861 1259 944 λόγου,
1290 864 1310 924 ἃ
1335 862 1374 945 δὴ

94 952 148 1015 καί
180 951 349 1033 πλάσματα
383 951 542 1023 καλοῦσιν,
577 951 689 1032 ἆδρυῦ,
723 952 825 1032 μέσου
862 951 916 1013 καί
946 952 1065 1034 ἰσχνοῦ,
1100 951 1153 1014 καί
1184 951 1286 1032 ἁδροῦ
1316 951 1377 1032 μέν

95 1042 202 1114 ὄντος,
246 1041 264 1103 ὃ
301 1040 356 1104 καλ
392 1047 430 1122 τῇ
467 1045 531 1102 τῶν
569 1039 676 1122 λόγων
713 1040 768 1102 καί
804 1048 842 1123 τῇ
883 1045 948 1103 τῶν
985 1041 1158 1122 νοημάτων
1195 1048 1376 1122 κατασκευῇ

94 1130 234 1212 μεγάλας
270 1129 422 1211 ἐμφάσεις
457 1130 534 1211 ἔχει,
570 1130 679 1210 ἰσχνοῦ
711 1128 759 1201 δέ,
794 1130 813 1190 δ
843 1129 898 1191 καί
927 1137 965 1212 τῇ
995 1128 1054 1211 ύλῃ
1085 1134 1149 1192 τῶν
1178 1129 1376 1211 πραγμάτων

95 1219 149 1282 καὶ
171 1225 210 1301 τῇ
231 1218 311 1291 λέξει
340 1219 485 1300 τυγχάνει
515 1220 553 1281 ὂν
575 1217 729 1290 ταπεινόν,
752 1218 853 1299 μέσου
879 1217 922 1290 δέ,
954 1218 1050 1280 δκαί
1073 1219 1223 1298 ἐκατέρου
1246 1220 1376 1300 μετέχει,

95 1313 150 1371 τοῦ
173 1307 233 1389 μέν
256 1307 445 1389 ἰσχνότερον,
468 1313 524 1370 τοῦ
548 1306 584 1369 δέ
607 1306 780 1387 ἁδρότερον
805 1341 848 1351 -
878 1308 932 1369 καὶ
962 1312 1018 1370 τοῦ
1048 1306 1108 1389 μέν
1139 1307 1241 1389 ἆδροῦ
1272 1309 1375 1387 παρά-

96 1397 208 1479 δειγμα
224 1394 436 1478 Θουκυδίδης,
459 1401 515 1459 τοῦ
532 1395 567 1459 δὲ
583 1397 692 1477 ἰσχνοῦ
708 1395 838 1469 Λυσίας,
861 1401 917 1460 τοῦ
934 1396 969 1458 δὲ
980 1397 1084 1477 μέσου
1101 1395 1312 1478 Δημοσθένης
1325 1434 1376 1470 -,
1414 1451 1423 1472 ,

95 1485 130 1548 τδ
153 1484 346 1568 βουκολικὸν
362 1485 486 1567 ποίημα
508 1484 546 1547 τὰ
570 1485 629 1548 δύο
653 1484 826 1567 ἐκφυγδνῑλ
850 1483 885 1549 τδ
909 1483 1017 1567 ἰσχνόν
1033 1485 1209 1558 ἀσπάζεται.
1245 1486 1376 1556 ἐννοίαις

95 1598 126 1638 τε
149 1574 211 1655 γὰρ
234 1575 356 1656 ἀνάγκη
380 1574 520 1656 χρῆσθαι
534 1574 773 1657 προσηκούσαις
788 1574 960 1655 ἀγροίκοις,
982 1574 1098 1642 ταύτας
1114 1573 1148 1636 δέ
1164 1573 1377 1644 εῦτελεστάτας

96 1663 173 1727 εἰναι
204 1663 336 1745 ἀνάγκη.
382 1663 479 1736 λέξεις
509 1687 541 1726 τε
571 1669 637 1733 ταῖς
667 1663 799 1733 ἐννοίαις
830 1663 891 1726 οῦκ
919 1663 1105 1744 ἀπφδούσας
1128 1663 1252 1745 ἀνάγκη
1277 1662 1376 1727 εἰναι·

96 1753 201 1823 ἄλλως
224 1751 284 1833 γὰρ
308 1752 508 1834 ἀσύμφωνος
531 1751 627 1822 αῦτδς
649 1753 753 1834 ἑαυτῷ
776 1754 859 1816 ἔσται
875 1751 894 1816 ό
909 1752 1011 1833 λόγος.
1047 1752 1219 1833 συμπλέκει
1235 1752 1269 1816 δέ
1285 1753 1377 1834 ὅμως

97 1843 183 1923 αύτῷ
205 1841 241 1904 τδ
265 1840 410 1923 ἀνθηρὸν
432 1845 497 1904 τῶν
519 1840 625 1923 λόγων
642 1840 734 1914 εἰδος,
758 1843 777 1904 ὃ
801 1841 839 1924 δὴ
864 1842 956 1924 χάριν
979 1841 1064 1922 ὁμοῦ
1087 1840 1141 1904 καί
1163 1842 1280 1911 κάλλος
1304 1843 1377 1924 ἐχον

96 1933 199 2013 τέρπει
221 1930 275 1994 καὶ
298 1931 366 2012 ῆδει
389 1931 496 2012 ὥςπερ
520 1930 622 2000 ἄνθος
643 1929 716 2001 τοὺς
739 1931 908 2012 ἀκροατάς.

205 2024 233 2082 7.
264 2019 311 2082 ότι
337 2019 481 2100 Δωρίδι
509 2019 692 2102 διαλέκτῳ
723 2026 834 2101 χρῆται
857 2020 896 2082 οῦ
918 2020 1029 2100 μόνον,
1055 2019 1131 2082 διότι
1153 2019 1378 2100 Συρακούσιος

98 2107 145 2191 ῆν,
177 2111 211 2172 οἳ
238 2108 371 2189 Δωριεῖς
402 2107 492 2191 ῆοαν,
524 2109 598 2171 οὐδ’
620 2109 666 2171 ὅτι
697 2108 748 2172 διὰ
778 2109 893 2191 ταύτης
923 2108 1044 2189 μᾶλλον
1065 2114 1202 2190 μιμεῖται
1229 2108 1284 2178 τὰς
1311 2114 1375 2172 τῶν

98 2198 258 2280 ἀγροίκων
281 2199 395 2279 φωνάς
418 2199 539 2279 (χρῆται
562 2197 623 2279 γὰρ
646 2199 723 2280 αῦτη
747 2205 793 2279 τῴ
816 2221 837 2260 α
860 2198 981 2278 καὶτῷ
1004 2199 1133 2279 ω-μέγσ
1155 2196 1192 2260 τά
1215 2197 1325 2271 πολλά,
1356 2200 1376 2260 ἃ

98 2287 136 2369 δὴ
159 2293 293 2368 παχεῖαν
310 2287 517 2368 ἀπεργάζεται
539 2286 595 2369 τῆν
612 2286 727 2368 φωνῆν
748 2287 800 2348 ἅτε
823 2286 1051 2369 προφερόμενα
1074 2292 1130 2349 τοῦ
1154 2286 1310 2369 στόματος
1332 2287 1378 2349 ότι

96 2376 228 2458 μάλιστα
252 2376 466 2458 ῆνεῳγμένου,
493 2376 619 2457 τοιαύτη
644 2375 755 2438 δὲκαὶ
778 2377 797 2457 ῆ
821 2381 885 2438 τῶν
909 2375 1071 2458 ἀγροίκων
1095 2376 1211 2457 φωνή),
1236 2376 1307 2438 ἀλλ’
1332 2376 1378 2439 ότι

97 2465 150 2528 καί
180 2462 202 2548 ᾗ
232 2467 272 2527 ἀν
303 2465 380 2547 άλλη
411 2464 498 2546 παρὰ
528 2464 644 2547 ταύτην
671 2464 725 2527 καί
754 2464 811 2546 τὴν
833 2464 966 2528 Αἰολίδα
990 2465 1156 2547 ἐχρήσατο,
1187 2466 1207 2547 ἢ
1232 2464 1377 2540 λέξεσινίλ

98 2554 237 2637 ύψηλαῖς
260 2556 299 2616 ἀν
316 2554 472 2636 ἐχρήσατο
495 2559 561 2623 ταῖς
584 2553 718 2622 ἐννοίαις
742 2553 781 2616 ού
801 2553 1048 2636 προςηκούσαις,
1071 2553 1150 2634 ὅπερ
1165 2558 1231 2616 τῶν
1247 2554 1378 2617 ἀτόπων

97 2644 186 2715 ἐστίν,
221 2644 241 2725 ἢ
275 2643 377 2725 πάντη
413 2643 622 2724 ἀφελέστατον
652 2644 691 2704 ἂν
723 2641 902 2724 ἐπεποιήκει
932 2641 987 2704 τόν
1017 2642 1113 2723 λόγον
1140 2642 1194 2704 καί
1226 2643 1379 2723 ἀγροῖκον

98 2731 296 2814 αὐτόχρημα.
342 2732 362 2812 ἡ
395 2731 430 2794 δὲ
453 2731 559 2812 Δωρὶς
588 2732 749 2801 διάλεκτος
771 2737 819 2813 τῷ
840 2731 886 2813 μῆ
911 2731 1195 2813 κατημαξευμένας
1218 2733 1299 2813 ἔχειν
1323 2732 1378 2803 τὰς

98 2821 194 2895 λέξεις
225 2821 310 2901 ὁμοῦ
337 2845 370 2884 τε
399 2825 536 2901 μιμεῖται
567 2822 610 2890 εἰς
641 2821 743 2902 ἄκρον
774 2820 908 2890 ἐννοίαις
938 2821 1091 2902 χρωμένη
1115 2820 1298 2902 χθαμαλοῖς
1325 2821 1379 2883 καί

98 2909 218 2992 ἡδονὴν
238 2910 299 2972 οῦκ
320 2908 428 2992 ὀλίγην
447 2909 501 2971 καὶ
522 2909 635 2990 τέρψιν
657 2910 820 2991 ἀγροικίας
843 2910 928 2990 όμοῦ
951 2908 1005 2972 καί
1025 2915 1191 2991 ποιητικῆς
1214 2909 1379 2991 ἐμμελείας

97 2998 215 3081 μεστὴν
231 3000 360 3080 παρέχει
382 3004 447 3068 τοῖς
470 2998 649 3079 ἀκροαταῖς.
684 3004 794 3080 χρῆται
816 2998 845 3060 δ’
855 2999 924 3061 ἐσθ’
939 2998 989 3061 ὅτε
1012 2997 1066 3060 καλ
1080 2997 1212 3071 Αἰολίδι,
1236 3001 1379 3068 σπανίως

98 3112 133 3169 γε
154 3087 222 3170 μῆν
247 3087 298 3150 διὰ
321 3086 356 3150 τδ
379 3087 505 3168 Δωριέα
529 3085 614 3159 εἰναι,
639 3088 699 3149 οῦκ
722 3087 849 3150 Αἰολέα.
885 3086 950 3150 Καὶ
972 3086 1048 3150 Ἰάδι
1063 3093 1183 3170 χρῆται,
1206 3087 1378 3170 καὶταύτῃ

98 3177 249 3249 σπανίως,
273 3175 400 3239 ἐπειδάν
424 3176 580 3258 ἀνεγεῖραι
602 3175 753 3258 βούληται
780 3175 836 3239 τόν
858 3182 937 3239 νοῦν
957 3181 1023 3238 τῶν
1047 3177 1225 3258 ἀκροατῶν.
1269 3177 1379 3259 διπλῆς

99 3266 135 3329 δὲ
157 3267 257 3348 οῦσης
279 3265 333 3328 καί
355 3272 409 3348 τῆς
433 3264 589 3346 Δωρίδος,
612 3265 736 3347 καὶτῆς
751 3264 810 3346 μὲν
825 3265 1034 3346 παλαιοτέρας
1050 3267 1150 3348 ούσης
1165 3265 1220 3328 καὶ
1234 3267 1380 3347 τραχείας
1405 3315 1410 3332 ,

98 3355 182 3436 δμυῦ
206 3354 260 3416 καί
283 3354 467 3436 δυςνοῆτου,
490 3352 513 3437 ᾖ
536 3354 691 3436 ἐχρῆσατο
714 3353 872 3436 Σώφρων
894 3354 949 3417 καί
963 3353 1166 3436 Ἐπίχαρμος,
1190 3354 1328 3435 θατέρας
1344 3355 1379 3417 δέ

98 3443 316 3524 εύκολωτέρας
346 3443 400 3505 καλ
429 3443 693 3524 μαλθακωτέρας,
725 3442 892 3525 ἀνειμένης
922 3467 954 3506 τε
980 3442 1034 3506 καί
1056 3443 1227 3526 χθαμαλῆς
1248 3444 1378 3526 μᾶλλον,

98 3531 194 3602 αῦτδς
232 3532 288 3613 τῆν
322 3533 478 3612 προτέραν
518 3532 564 3602 ὡς
603 3531 846 3613 δυςχερεστέραν
883 3532 1064 3595 καταλιπὼν
1100 3531 1157 3614 τῆν
1197 3531 1378 3614 δευτέρανί)

99 3621 277 3694 ἀσπάζεται.

207 3712 235 3770 8.
260 3709 305 3770 ότι
336 3709 515 3782 εἰδύλλια,
550 3709 624 3772 ἀλλ’
659 3710 702 3772 οὐ
733 3709 935 3790 διαλόγους
958 3709 1119 3790 καλοῦσιί)
1143 3709 1181 3772 τὰ
1203 3709 1378 3792 βουκολικά

100 3799 267 3881 ποιήματα.
313 3798 414 3861 καίτοι
438 3799 608 3879 διαλέγεται
632 3798 770 3861 ἐνταῦθα
794 3798 963 3879 πρόσωπα,
988 3799 1095 3880 ὥςπερ
1119 3799 1180 3862 κάν
1203 3805 1268 3868 τοῖς
1290 3799 1378 3861 Λου-

100 3892 212 3949 κιανοῦ
244 3886 409 3968 διαλόγοις.
456 3887 563 3968 ἐπειδὴ
595 3887 656 3968 γὰρ
669 3888 836 3968 .διάλογος
867 3888 971 3968 ὄνομα
1003 3888 1064 3951 οῦκ
1096 3891 1135 3951 ἀν
1159 3889 1281 3970 ἥρμοζε
1304 3893 1380 3949 πᾶσι

101 3982 165 4047 τοῖς
188 3975 358 4046 εἰδυλλίοις.
393 3975 495 4039 πολλὰ
520 3975 581 4058 γὰρ
603 3977 709 4040 αὐτῶν
733 3976 794 4039 οῦκ
811 3976 867 4039 εἰσί
884 3976 1056 4057 διαλογικά.
1096 3976 1135 4059 ῆν
1152 3979 1191 4039 ἂν
1207 3975 1265 4040 ούν
1282 3977 1379 4056 ἀπρε-

100 4064 155 4135 πὲς
179 4065 239 4147 ούχ
263 4064 308 4127 ένί
329 4070 444 4146 γενικῷ.
459 4065 599 4146 ὀνόματι,
625 4065 702 4128 ἀλλὰ
718 4066 838 4129 πλείοσι
855 4065 1021 4148 διαφόροις
1037 4067 1211 4147 ἐπιγράψαι
1226 4065 1263 4128 τὰ
1280 4067 1379 4128 οἰκεῖα

180 4242 367 4397 ,ἰλλλέἐέἐίέ
388 4312 475 4382 (quod
500 4311 604 4383 excipit
628 4308 740 4382 ύγηλαῖε
765 4311 963 4383 compendiose
986 4329 1038 4369 scr.
1057 4313 1086 4367 in
1111 4311 1218 4383 marg),
1246 4308 1381 4378 ἢλέξεσιν

101 4384 231 4596 Manu}
244 4450 452 4578 χφῗῆῦῆτΜέραν
471 4454 523 4510 del.
542 4453 622 4525 ἁρμο.

358 4546 394 4578 αἰ.
