3190 4944
648 263 871 320 ...41-

222 440 339 511 Quibus
370 442 420 498 tot
448 441 524 499 locis
557 441 742 516 comparatis
778 458 923 516 apparere
957 441 1057 500 iudico
1091 443 1244 500 tractatus
1276 442 1398 500 Coislin.

115 531 272 588 auctorem
295 533 326 587 et
347 530 531 588 Demetrium
560 533 758 606 personatum
788 549 826 589 ex
856 548 918 588 uno
950 531 1116 606 eodemque
1146 531 1231 589 fonte
1260 530 1398 606 pendere.

114 619 173 677 Sed
197 619 363 694 quaeritur,
389 619 531 694 quisnam
546 620 638 678 luerit
661 622 770 678 auctor
784 620 836 678 ille
848 621 1024 678 communis.
1063 619 1128 679 Hoc
1145 622 1247 678 autem
1265 622 1396 689 constat,

113 708 349 783 Peripateticum
372 708 586 783 philosophum
610 709 695 767 illum
718 708 814 766 luisse
830 711 923 784 atque
944 727 1012 766 eum
1029 709 1229 767 vetermmum.
1265 709 1299 766 Id
1316 710 1398 785 quod

113 797 162 854 vel
185 796 256 854 inde
280 797 420 871 colligere
443 814 624 872 possumus,
659 798 741 874 quod
765 798 946 873 saepissime
970 801 1220 856 commemoratur
1242 797 1274 856 in
1297 798 1398 856 libello

113 885 165 943 illo
191 886 339 960 Sophron.
347 881 372 966 ¹)
417 886 562 945 Arndtius
586 889 690 946 autem
713 887 732 944 l.
750 905 774 944 s.
791 905 815 946 s.
839 904 866 961 p.
883 889 922 946 15
947 888 1051 945 censet
1071 886 1157 944 illum
1179 887 1277 945 inisse
1300 888 1399 946 Theo-

112 975 274 1050 phrastum
289 975 339 1033 vel
354 975 537 1034 Demetrium
553 975 742 1044 Phalereum
768 993 896 1051 quorum
912 978 1039 1051 uterque
1056 976 1211 1051 scripserit
1226 993 1286 1035 uon
1299 977 1398 1035 solum

111 1061 183 1143 περὶ
207 1060 340 1142 γελοίου,
364 1065 419 1122 sed
443 1065 534 1122 etiam
557 1061 629 1143 περὶ
650 1062 786 1144 χάριτος.
832 1065 1093 1123 Radermacherus
1124 1066 1155 1122 in
1184 1065 1316 1124 editione
1340 1083 1399 1123 sua

112 1171 139 1228 p.
158 1153 200 1212 95
225 1154 256 1211 et
278 1171 306 1228 p.
326 1153 385 1210 101
413 1154 449 1211 de
473 1154 587 1212 eisdem
609 1154 731 1212 videtur
753 1155 895 1228 cogitare.
940 1155 1024 1225 Quae
1048 1171 1115 1212 cum
1138 1155 1184 1212 ita
1208 1153 1278 1224 siut,
1305 1154 1398 1212 etiam

111 1241 186 1300 illud
221 1238 308 1320 παρὰ
343 1239 541 1323 προσδοκίαν
579 1243 754 1301 Aristotelis
794 1243 951 1318 discipulis
989 1243 1181 1303 tribuendum
1220 1245 1276 1301 est
1329 1243 1398 1318 Ipse

112 1334 215 1390 autem
239 1331 419 1390 Aristoteles
442 1332 475 1388 in
498 1335 563 1390 arte
586 1333 661 1390 rhet.
685 1332 734 1390 lib.
759 1332 806 1390 111.
830 1349 857 1406 p.
885 1332 968 1389 1412
993 1351 1013 1390 a
1028 1332 1070 1390 25
1095 1333 1183 1392 dIcit:
1207 1329 1260 1392 καὶ
1284 1329 1399 1410 ὃλέγει

115 1415 298 1499 Θεόδωρος,
320 1416 356 1480 τὸ
380 1416 473 1481 καινά
496 1418 616 1498 λέγειν.
633 1419 765 1499 γίγνεται
793 1418 828 1481 δὲ
851 1419 925 1481 ὅταν
952 1418 1175 1500 παράδοξον
1201 1416 1232 1500 ᾗ,
1261 1418 1315 1481 καὶ
1341 1419 1398 1500 μή,

111 1507 158 1576 ὡς
182 1507 301 1576 ἐκεῖνος
324 1506 418 1586 λέγει,
448 1505 545 1589 πρὸς
573 1507 638 1589 τὴν
668 1508 888 1589 ἔμπροσθεν
920 1507 1050 1579 δόξαν,
1079 1507 1144 1569 ἀλλ’
1167 1508 1274 1589 ὥςπερ
1305 1508 1336 1570 οῖ
1365 1507 1398 1570 ίν

109 1602 175 1664 τοῖς
199 1595 330 1675 γελοίοις
351 1595 389 1658 τὰ
403 1598 696 1678 παραπεποιημένα.
706 1594 731 1680 2)
773 1599 880 1675 Itaque
895 1596 1082 1678 παράδοξον
1097 1601 1148 1658 est
1161 1594 1398 1663 Aristotelicum.
1414 1670 1417 1676 .

111 1687 230 1745 Similia
251 1688 447 1746 invenIuntur
469 1689 500 1745 iu
524 1688 618 1747 schol.
643 1689 682 1746 ad
706 1689 829 1746 Homeri
851 1688 921 1746 Ill.
944 1707 972 1746 v.
993 1689 1007 1746 1
1027 1687 1087 1747 vol.
1100 1688 1121 1747 I.
1146 1707 1173 1764 p.
1191 1688 1254 1748 289
1279 1689 1397 1748 Maass:

111 1772 219 1854 ἐπειδὴ
245 1773 279 1836 δὲ
303 1775 333 1837 ολ
359 1772 471 1855 Τρῶες
494 1775 534 1837 ἐκ
557 1775 777 1856 παραδόξου
801 1780 913 1838 νικῶσι
933 1775 1034 1857 βέλεσι
1050 1773 1132 1844 Διός.
1172 1777 1231 1835 Sed
1256 1779 1295 1835 ad
1311 1774 1397 1856 παρὰ

109 1862 308 1944 προσδοκίαν
330 1866 498 1924 redeamus.
546 1867 697 1941 Scriptum
722 1867 800 1924 enim
824 1866 951 1941 legimus
974 1867 1004 1924 in
1028 1867 1192 1942 hypothesi
1216 1867 1255 1924 ad
1278 1867 1397 1925 Aristo-

110 1954 221 2030 phanis
252 1972 344 2012 ranas
376 1956 549 2030 conscripta
571 1973 598 2029 p.
623 1955 701 2023 273,
736 1955 777 2013 32
809 1973 875 2031 sqq.
906 1956 1061 2014 Duehner:
1096 1953 1151 2014 καλ
1180 1952 1267 2022 τέλος
1297 1952 1397 2016 πάντα

109 2041 239 2122 ἔλεγχον
261 2041 316 2104 καλ
337 2046 443 2104 πᾶσαν
465 2041 608 2123 βάσανον
631 2042 691 2105 οὐκ
715 2042 884 2112 ἀπιθάνως
904 2042 1055 2123 ἑκατέρου
1077 2041 1159 2105 κατὰ
1181 2048 1236 2123 τῆς
1258 2042 1397 2123 θατέρου

108 2130 270 2211 ποιήσεως
299 2130 562 2211 προςαγαγδντος,
592 2131 702 2212 κρίνας
729 2130 830 2212 παρὰ
858 2131 1094 2212 προσδοκίαν
1125 2129 1321 2200 ὁΔιδνυσος
1342 2130 1397 2194 τὸν
1447 2173 1453 2181 -

108 2218 271 2300 Αἰσχύλον
293 2217 421 2299 νικᾶνδ)
467 2223 523 2280 Hic
547 2224 649 2280 autem
680 2223 767 2281 locus
799 2223 898 2281 adhuc
930 2241 949 2279 a
971 2223 1046 2280 viris
1075 2223 1173 2280 doctis
1197 2223 1397 2298 Aristophani

109 2310 261 2386 Byzantio
286 2313 334 2368 est
356 2312 533 2378 attributus,
558 2312 610 2388 qui
633 2312 847 2385 Aristophanis
866 2312 1041 2370 comoedias
1057 2311 1203 2368 iustruxit
1217 2312 1397 2387 hypothesi-

108 2400 179 2467 buS,
205 2418 224 2457 a
247 2399 378 2458 Koerteo
402 2401 579 2475 aasIgnatur
602 2395 827 2480 Symmachofi)
874 2400 1016 2458 Definitio
1046 2402 1147 2458 autem
1171 2401 1288 2458 Graeca
1310 2400 1395 2458 illius

108 2484 197 2567 παρὰ
220 2486 418 2567 προσδοκίαν
441 2490 572 2547 traditur
603 2491 685 2565 apud
709 2490 860 2548 Tiberium
891 2487 962 2568 περὶ
992 2492 1056 2549 τῶν
1086 2485 1173 2568 παρὰ
1197 2485 1396 2569 Δημοσθένει

109 2572 285 2657 σχημάτων
300 2579 382 2646 VIII,
409 2578 473 2638 544
498 2579 545 2638 W.
569 2578 624 2646 III,
650 2579 691 2636 66
716 2579 779 2653 Sp:
802 2574 901 2657 Παρὰ
925 2576 1121 2657 προσδοκίαν
1146 2575 1182 2638 δέ
1204 2576 1297 2648 ἐστιν,
1321 2576 1397 2638 ὅταν

108 2664 186 2730 ἄλλο
208 2670 265 2727 τοῦ
289 2665 450 2746 ἀκροατοῦ
476 2665 748 2747 προσδεχομένου,
775 2665 853 2727 ἄλλα
875 2665 955 2747 μετά
977 2689 1059 2735 τινος
1085 2664 1212 2747 χάριτος
1235 2665 1396 2746 ἐπενέγκῃ.

108 2756 241 2829 DIgnum
266 2759 367 2814 autem
397 2759 456 2825 est,
490 2758 573 2832 quod
603 2757 661 2816 hoc
684 2757 752 2816 loco
775 2759 935 2826 tractetur,
967 2757 1042 2814 illud
1067 2756 1262 2831 Hermogenis
1293 2760 1393 2833 caput,

110 2846 194 2920 quod
221 2845 398 2904 inscribitur
427 2842 500 2924 περὶ
529 2849 585 2906 τοῦ
617 2849 774 2924 κωμικῶς
804 2843 910 2924 λέγειν.
969 2845 1120 2921 Scriptum
1155 2845 1233 2904 enim
1267 2846 1396 2919 legimus

108 2931 182 3012 περὶ
203 2931 350 3013 μεθόδου
375 2931 549 3013 δεινότητος
573 2953 597 2994 c.
621 2935 662 2994 34
687 2936 746 2994 vol.
770 2935 816 2994 III.
841 2954 869 3011 p.
894 2935 959 2994 440
976 2953 1041 3011 sqq.
1066 2934 1112 2994 W.
1136 2935 1196 2994 vol.
1220 2935 1254 2994 Η.
1279 2953 1306 3010 p.
1331 2934 1395 2992 453

110 3023 176 3098 Sp:
210 3019 273 3084 Τοῦ
304 3026 461 3102 κωμικῶς
490 3021 588 3102 λέγειν
618 3022 685 3103 ἅμα
715 3021 770 3085 καλ
801 3022 957 3085 σκώπτειν
980 3021 1123 3104 ἀρχαίως
1144 3027 1225 3102 τρεῖς
1247 3021 1395 3102 μέθοδοι,

108 3108 146 3172 τὸ
168 3108 249 3172 κατά
272 3110 441 3192 παρῳδίαν
464 3117 580 3192 σχῆμα,
602 3109 639 3172 τὸ
661 3110 749 3190 παρά
777 3111 983 3192 προσδοκίαν,
1015 3110 1050 3173 τὸ
1078 3110 1216 3180 ἐναντίας
1239 3111 1396 3173 ποιεῖσθαι

108 3197 165 3268 τὰς
188 3198 313 3268 εἰκόνας
335 3205 373 3281 τῇ
397 3199 490 3280 φύσει
512 3205 577 3262 τῶν
599 3199 807 3281 πραγμάτων,
830 3199 952 3263 τούτων
983 3199 1222 3281 παραδείγματα
1245 3199 1396 3280 λάβωμεν

107 3287 147 3350 τὰ
169 3287 230 3369 μέν
253 3288 288 3350 ἐκ
311 3294 367 3351 τοῦ
391 3294 549 3370 κωμικοῦ,
575 3287 621 3370 [τά
646 3288 680 3351 δὲ
703 3289 739 3352 ἐκ
761 3295 818 3352 τοῦ
841 3287 965 3371 βίουλρλ
988 3288 1026 3351 τὰ
1050 3288 1085 3351 δὲ
1107 3288 1143 3350 έκ
1172 3294 1227 3352 τοῦ
1251 3289 1395 3370 ῥήτορος.

111 3381 197 3450 Quae
220 3381 315 3438 verba
338 3380 378 3438 ad
400 3381 668 3455 PerIpateticorum
692 3381 859 3438 doctrinam
884 3384 1022 3455 spectare
1044 3381 1115 3438 mihi
1131 3381 1280 3439 videntur.
1319 3381 1396 3437 Nam

111 3501 327 3512 -—-——...

107 3552 142 3606 A.
163 3551 193 3606 P.
212 3552 269 3605 vol.
287 3553 308 3605 I.
335 3568 362 3622 p.
379 3552 441 3616 404,
467 3569 550 3622 quem
572 3552 642 3606 mira
660 3551 784 3623 quadam
808 3552 918 3606 ratione
944 3552 1070 3624 sequitur
1093 3552 1239 3608 Kaibelius
1265 3553 1344 3607 0.(1.
1365 3553 1395 3608 r.

109 3639 137 3694 p.
151 3623 194 3676 51.
224 3622 277 3690 Qui
290 3639 459 3694 quamquam
479 3625 539 3693 ipse
551 3640 577 3694 p.
588 3622 624 3677 50
637 3623 708 3677 dixit
718 3622 903 3693 Bernaysium
917 3622 1032 3677 meliore
1045 3624 1080 3677 M.
1094 3624 1216 3678 Bonneti
1229 3623 1395 3693 apographo

108 3709 192 3748 usum
207 3693 328 3748 edidisse
346 3697 503 3748 tractatum
517 3693 607 3759 Coisl.¹
621 3697 717 3748 tamen
736 3696 765 3748 iu
784 3698 923 3764 apparatu
942 3695 1039 3748 critico
1059 3711 1116 3748 non
1135 3694 1320 3760 demonstrat,
1340 3710 1395 3765 qua

109 3781 197 3820 causa
215 3768 374 3820 commotus
392 3765 452 3834 ipse
471 3766 615 3836 scripserit
633 3762 828 3818 ἀνοκολουθίον
847 3771 933 3835 atque
952 3762 1114 3818 ἀκολουθίαν
1137 3766 1348 3836 improbaverit.

221 3837 238 3899 ¹)
258 3837 295 3890 cf.
314 3835 463 3891 Reichium
482 3837 498 3891 l.
519 3854 541 3891 s.
561 3854 583 3891 s.
602 3837 657 3892 vol.
677 3837 698 3892 l.
717 3853 744 3907 p.
757 3836 811 3890 242
829 3853 890 3907 sqq.

218 3907 239 3976 ⁹)
259 3907 296 3962 cf.
315 3907 464 3961 Arndtium
484 3909 501 3961 l.
520 3925 543 3963 s.
562 3925 585 3964 s.
625 3909 670 3963 .5.

217 3979 237 4046 8)
258 3979 365 4069 Ibidem
377 3995 403 4068 p’.
417 3978 508 4067 2141.
522 3979 568 4033 lin.
580 3925 622 4033 28
635 3979 770 4070 scriptum
784 3981 892 4068 exstat:
911 3982 957 4032 καὶ
968 3977 1056 4048 παρὰ
1073 3975 1291 4050 προσδοκίαν
1301 3983 1396 4032 τοῦτον

107 4047 198 4119 λαβὼν
216 4045 735 4204 δλλ1.ωέαεξ1ίδίθιδιίμιέεῖλδέλολιςίοἷιοθέ
749 4051 1046 4192 δέτπὲδίεδλδρλδλλιαι
1059 4122 1109 4176 der
1120 4120 1390 4176 Alexandrinarueit

109 4192 165 4247 VOL
179 4193 200 4248 L
217 4209 248 4334 λλ
257 4191 1290 4347 διέδοέλνδδὲθλίδδδῃαίδὴ1Ηδλδιελιθιτνδιλεδζχνεὲδξάδδθλίεδίαλδέλελᾳλλοαι
1302 4264 1332 4318 in
1344 4264 1394 4329 eia,

109 4348 183 4406 quae
201 4339 350 4400 secuntur,
378 4352 469 4406 priore
487 4336 550 4390 loco
570 4335 732 4390 afferuntur
749 4335 880 4407 exempla
898 4352 934 4390 ex
952 4338 1105 4391 comoedus
1124 4340 1285 4407 assumpta,
1305 4336 1394 4390 altero

107 4405 172 4462 loco
192 4408 322 4477 exempla
340 4423 375 4461 ex
394 4407 586 4462 Demosthene
607 4406 719 4462 hausta.
752 4407 882 4462 Ceterum
895 4408 1120 4478 Byzantiuorum
1133 4412 1229 4462 aetate
1247 4409 1336 4462 verba
1347 4407 1396 4462 illa

109 4477 230 4532 inlibris
249 4479 445 4549 manuscriptis
464 4478 606 4534 exstitisse
624 4477 750 4547 intellegi
769 4481 867 4549 potest
883 4494 919 4533 ex
936 4479 991 4533 Gre
1012 4478 1061 4533 orii
1075 4479 1213 4533 Corinthii
1231 4473 1266 4534 ιίτ
1283 4476 1315 4530 τὸ
1333 4481 1396 4547 περὶ

109 4545 230 4615 μεθόδου
242 4545 396 4616 4δεινότητος
415 4550 617 4606 commentario
636 4550 692 4604 vol.
712 4551 770 4604 vll.
790 4566 817 4620 p.
833 4550 901 4604 1333
915 4590 921 4604 .
935 4550 971 4604 W
1002 4566 1026 4604 τ.
