3190 4944
655 277 697 284 .-
744 245 876 301 33..

119 421 173 478 der
196 419 279 478 seine
294 419 406 494 Regeln
431 437 489 478 aus
505 420 576 479 ilias
592 421 653 479 und
671 421 808 496 Odyssea
831 422 1031 480 abstrahierte
1049 467 1055 482 .
1072 467 1079 481 .
1096 431 1132 481 .“
1158 425 1188 481 et
1203 425 1296 500 paulo
1313 425 1405 486 infra:

121 509 215 578 „llius
247 509 308 567 und
333 509 468 584 Odyssce
499 509 655 568 euthalten
686 528 771 569 zwar
800 511 956 570 Hinweise
987 511 1042 570 aul
1072 512 1210 587 krinltige
1234 513 1407 574 Erlebnisse

120 599 175 656 der
205 597 396 656 handelnden
426 597 590 666 Personen,
628 601 701 657 aber
733 600 780 657 die
813 600 1015 676 Handlungen
1046 601 1098 658 der
1130 601 1274 660 Gedichte
1309 603 1408 663 selbst

120 687 244 745 werden
274 687 329 744 mit
360 686 440 744 allen
468 687 552 745 ihren
576 689 724 747 nachsten
755 690 817 747 und
847 686 1081 748 unmittelbarcn
1104 689 1345 766 Konsequenzen
1368 710 1406 750 zu

119 777 204 834 Euda
228 775 378 850 gefdhrt.“
425 776 542 847 Quibus
567 778 717 852 expositis
739 777 936 836 Aristotelem
968 796 1034 837 cum
1058 778 1133 838 velit
1164 785 1193 838 et
1216 782 1405 856 tragoediam

120 868 152 922 et
183 882 304 922 carmen
339 865 456 939 epicum
493 883 562 923 esse
594 864 717 935 τέλειον,
755 866 955 942 colligendum
991 870 1039 925 est
1062 868 1231 942 [statuisse.
1268 873 1303 927 ut
1334 871 1406 929 item

119 954 279 1012 comoedia
311 957 395 1011 esset
424 950 547 1020 τέλειος.
594 955 685 1013 Hisce
709 957 758 1013 tot
788 957 974 1031 argumentis
1006 961 1157 1016 commoto
1189 958 1261 1015 mihi
1285 959 1405 1033 quidem

119 1059 302 1118 persuasum
326 1046 375 1101 est
397 1041 471 1100 illud
495 1040 612 1104 τελείου
636 1044 668 1101 in
691 1047 827 1103 tractatu
845 1045 966 1104 Ooislin.
990 1046 1110 1103 minime
1134 1063 1203 1105 esse
1227 1049 1405 1105 mutandum

119 1135 150 1189 et
173 1150 211 1190 ex
233 1132 436 1207 Peripatetico
458 1132 596 1190 doctrina
619 1131 814 1211 emanassa¹l

227 1220 391 1278 Videamus
415 1238 504 1289 nunc,
531 1221 603 1296 quid
628 1221 669 1280 sit
691 1222 888 1281 iudicandum
911 1223 948 1281 dc
971 1224 1073 1282 verbis
1096 1223 1169 1283 illis:
1193 1222 1247 1284 καὶ
1266 1222 1404 1304 ἀμοίρου

119 1307 290 1388 μεγέθους.
328 1311 372 1366 Αο
388 1310 515 1385 primum
536 1310 657 1385 quidem
678 1312 750 1369 mihi
774 1312 896 1370 videtur
919 1313 1131 1387 explicandum
1155 1331 1232 1382 esse,
1259 1314 1404 1389 quidnam

118 1399 271 1457 censuerit
294 1401 403 1456 auctor
425 1399 558 1458 incertus
584 1402 734 1458 tractatus
758 1399 882 1459 Goislin.
928 1402 1043 1460 Deinde
1067 1402 1320 1461 considerandum
1344 1406 1402 1471 est.

117 1491 219 1546 utrum
242 1488 424 1546 Aristoteles
449 1489 576 1572 eandem
600 1490 783 1547 sententiam
807 1494 934 1548 secutus
958 1491 999 1549 sit
1022 1508 1123 1549 necne.

225 1576 383 1649 Kaibelius
401 1576 479 1634 enim
495 1577 514 1634 l.
528 1595 551 1636 s.
566 1596 590 1635 s.
607 1596 634 1652 p.
650 1577 691 1635 54
709 1579 812 1638 adnot.
829 1579 842 1635 1
863 1579 937 1636 dicit
952 1580 1009 1638 hoc
1025 1580 1173 1638 interesse
1189 1581 1267 1639 inter
1282 1599 1403 1639 comoe-

118 1665 201 1724 diam
224 1668 255 1722 et
269 1666 467 1740 tragoediam,
493 1667 574 1741 quod
590 1667 667 1725 haec
688 1665 805 1733 τέλειος
829 1669 878 1737 sit,
903 1668 958 1726 illa
972 1666 1060 1736 τέλος
1075 1687 1137 1728 non
1153 1670 1274 1728 habeat.
1307 1671 1403 1740 Quam

117 1755 300 1812 sententiam
320 1772 381 1813 non
398 1772 466 1813 esse
483 1756 739 1831 comprobandam
763 1774 858 1832 supra
873 1758 1158 1817 demonstravimus.
1190 1758 1249 1816 Sed
1266 1760 1402 1818 auctoris

115 1844 223 1901 incerti
246 1844 360 1901 iudicio
383 1845 543 1918 tragoedia
567 1848 597 1902 et
621 1847 779 1903 comoedia
802 1847 881 1904 inter
904 1865 937 1905 se
962 1846 1116 1905 differunt
1163 1847 1402 1922 Confugiendum

116 1933 196 1990 enim
227 1933 338 1991 estad
362 1932 436 1990 illud
459 1931 600 2012 μέγεθος
623 1931 759 2014 ἐχούσης
791 1939 822 1992 et
845 1933 983 2013 ἀμοίρου
1005 1933 1176 2015 μεγέθους.
1223 1936 1282 1995 Sed
1307 1954 1402 2012 quae·

114 2022 200 2089 ritur,
228 2022 372 2096 quidnam
389 2022 541 2096 significet
563 2023 639 2080 illud
660 2021 808 2102 μέγεθος.
844 2025 934 2098 Apud
949 2025 1145 2084 Aristotelem
1162 2025 1240 2083 enim
1263 2024 1403 2104 μέγεθος

115 2111 196 2168 idem
219 2111 305 2169 valet
327 2113 420 2185 atque
436 2110 595 2185 longitudo
620 2114 651 2169 et
673 2113 856 2182 sublimitas
881 2114 911 2170 id
929 2115 1010 2189 quod
1035 2131 1072 2171 ex
1095 2114 1178 2172 illius
1199 2116 1264 2172 arte
1280 2116 1403 2190 poetica

116 2200 321 2258 demonstrari
352 2203 463 2275 potest.
511 2199 663 2276 Scriptum
691 2201 775 2259 'enim
806 2202 935 2276 legimus
959 2220 987 2277 p.
1008 2203 1091 2261 1449
1108 2202 1195 2261 a18:
1227 2202 1270 2263 ἔτι
1301 2201 1336 2263 δὲ
1365 2200 1401 2262 τὸ

113 2286 255 2368 μέγεθος
278 2287 312 2348 ἐκ
335 2291 463 2367 μικρῶν
485 2285 605 2367 μύθων
636 2287 690 2349 καὶ
713 2287 829 2360 λέξεως
861 2288 982 2369 γελοίος
1014 2288 1065 2351 διὰ
1096 2287 1131 2351 τὸ
1163 2289 1198 2351 ἐκ
1229 2295 1400 2372 οοτυρικοῦ

113 2374 307 2458 μοτοβαλεῖν
331 2373 392 2456 ὀψὲ
415 2375 651 2458 ἀπεοεμνύνθη.
698 2380 763 2449 Quo
787 2381 856 2438 loco
885 2380 1023 2455 equidem
1054 2398 1132 2456 nego
1164 2381 1238 2438 illud
1260 2379 1401 2460 μέγεθος

114 2467 359 2542 coniungeudum
383 2485 451 2526 esse
475 2484 542 2524 cum
563 2465 786 2548 ἀπεοεμνύοθη
803 2470 856 2538 ita,
882 2473 918 2527 ut
934 2469 1064 2527 subiecti
1079 2470 1179 2528 locum
1194 2472 1306 2529 teneat
1341 2471 1400 2528 Sed

112 2553 254 2636 μέγεθος
286 2559 334 2614 est
365 2557 563 2615 accusativus
589 2557 641 2632 qui
664 2557 775 2615 dicitur
797 2558 965 2617 relationis.
1012 2559 1188 2617 Subiectum
1211 2559 1304 2618 huius
1329 2577 1398 2617 sen·

112 2645 231 2705 tentiae
255 2648 303 2703 est
323 2643 521 2724 rpayqdlaa)
567 2645 643 2704 Illud
665 2644 807 2726 μέγεθος
836 2650 938 2705 autem
963 2649 1001 2705 ad
1025 2649 1138 2722 grande
1162 2648 1280 2706 dicendi
1302 2666 1400 2723 genus

112 2734 305 2793 referendum
329 2739 377 2792 est
400 2738 430 2792 et
453 2735 532 2792 idem
556 2735 639 2794 valet
663 2738 756 2811 atque
780 2737 961 2795 sublimitas
1000 2737 1096 2808 Quam
1121 2737 1302 2795 sententiam
1317 2738 1399 2795 Mar-

113 2823 278 2898 golicuthii
308 2824 484 2882 testimonio
517 2825 653 2882 affirmat
675 2826 745 2884 Abu
767 2826 885 2902 Bischr,
918 2826 970 2900 qui
994 2843 1074 2884 saec.
1089 2825 1124 2885 X.
1163 2826 1338 2885 Aristotelis
1363 2827 1400 2885 de

113 2916 180 2971 arte
204 2916 283 2986 poet.
307 2913 417 2970 librum
441 2931 479 2970 ex
503 2913 619 2971 Graeco
643 2914 674 2970 in
697 2915 861 2973 Arabicum
886 2916 976 2973 vertit
1007 2932 1182 2973 sermonem.
1229 2916 1400 2974 Transtulit

113 3003 194 3060 enim
218 3003 297 3059 hunc
320 3001 432 3059 locum:
458 3003 547 3078 cidem
563 3003 678 3077 primus
702 3004 818 3062 creavit
841 3022 879 3062 ex
894 3005 998 3079 parvis
1021 3004 1136 3062 fabulis
1159 3005 1399 3078 magnitudinem

113 3087 315 3167 sermonis.’³)
346 3091 441 3148 Aliter
465 3095 567 3149 autem
591 3110 640 3150 res
664 3093 808 3150 sehabet
831 3110 859 3167 p.
879 3093 965 3151 1450
982 3094 1146 3168 οΒἿοοο.;
1169 3089 1206 3152 τὸ
1222 3091 1283 3172 γὰρ
1299 3090 1399 3154 καλὸν

113 3179 148 3240 ἐν
174 3177 303 3259 μεγέθει
333 3177 387 3238 καὶ
408 3177 493 3249 τάξει
524 3178 612 3253 ἐστίν,
644 3176 694 3240 διὸ
725 3179 796 3241 οθιε
819 3180 1007 3261 πάμμικρον
1037 3179 1077 3241 ἄν
1099 3203 1126 3241 τι
1149 3180 1268 3260 γένοιτο
1299 3179 1399 3243 καλὸν

113 3267 202 3347 ζῷον
226 3313 232 3326 .
254 3313 289 3327 ..
318 3266 390 3328 οὔτε
419 3267 633 3348 παμμέγεθες.
687 3269 752 3329 Ηοο
783 3274 885 3329 autem
917 3271 985 3329 loco
1015 3268 1156 3350 μέγεθος
1186 3272 1263 3329 idem
1296 3272 1398 3330 valere

113 3362 208 3432 atque
235 3361 342 3437 μῆκος
372 3362 507 3433 apparet.
553 3359 620 3416 Huc
643 3360 767 3427 accedit,
802 3361 883 3435 quod
909 3360 1090 3418 Aristoteles
1122 3361 1188 3435 ipse
1219 3360 1289 3419 eliis
1321 3361 1397 3419 locis

112 3448 206 3504 verbo
229 3451 335 3525 μῆκος
357 3448 462 3516 utitur,
495 3447 589 3506 veluti
612 3467 640 3522 p.
661 3448 741 3505 1451
762 3448 827 3506 ad:
860 3452 915 3508 τοῦ
938 3447 1066 3528 μήκους
1090 3445 1167 3526 ὅρος
1191 3446 1209 3508 ὁ
1231 3447 1292 3528 μὲν
1314 3447 1397 3529 πρὸς

221 3674 241 3742 ¹)
262 3673 351 3727 Simili
369 3675 453 3728 modo
471 3674 579 3728 iudicat
597 3674 769 3744 Bernaysius
787 3674 805 3728 l.
819 3691 841 3729 a.
854 3691 876 3728 a.
895 3691 922 3745 p.
936 3674 1002 3730 570:
1030 3675 1110 3740 „Und
1137 3677 1239 3746 gerade
1265 3677 1313 3731 der
1332 3677 1397 3730 Ein-

112 3743 205 3808 wand‚
225 3744 346 3798 welcher
364 3762 421 3799 von
446 3745 627 3816 empirischer
645 3746 722 3800 Seite
740 3761 832 3814 gegen
850 3746 927 3803 dlese
945 3746 1053 3816 Regeln
1072 3763 1108 3800 nu
1127 3748 1249 3802 erhebeu
1268 3749 1312 3812 ist,
1339 3745 1395 3800 dass

112 3816 155 3870 sie
174 3815 297 3870 numlich
318 3813 364 3869 fur
383 3815 426 3870 die
445 3816 503 3870 alte
522 3815 661 3870 Komodie
680 3833 716 3870 zu
736 3833 790 3886 eng
808 3817 880 3883 sind,
900 3818 966 3872 muli
986 3820 1073 3873 ihneu
1093 3818 1137 3872 die
1156 3817 1278 3872 Gewtlrr
1296 3817 1397 3872 aristo·

111 3887 246 3940 telischer
264 3887 383 3941 Theorie
402 3887 553 3942 verleihen.
592 3888 672 3942 Denn
692 3889 752 3942 dies
771 3889 846 3942 kann
866 3889 976 3943 keinem
996 3888 1225 3944 Autmerlreuden
1244 3889 1395 3959 entgehen,

113 3957 169 4012 dall
182 3958 350 4013 Aristoteles
363 3958 407 4012 bei
422 3958 484 4011 dem
498 3959 736 4014 entsclreidenden
750 3959 889 4025 Gewicht,
909 3962 960 4014 das
974 3976 1005 4014 er
1017 3959 1067 4014 aul
1080 3959 1181 4014 stralle
1192 3960 1396 4031 Verkmiplung

112 4029 163 4082 des
184 4029 279 4098 Sujets
306 4045 355 4084 zur
373 4029 487 4083 uinheit
504 4030 570 4097 legt‚
597 4030 642 4084 bei
662 4031 711 4084 der
730 4031 858 4100 Strenge‚
884 4032 936 4085 mit
954 4030 1075 4085 welcher
1100 4047 1128 4084 er
1152 4047 1205 4084 nur
1229 4032 1397 4100 allgemeine

112 4097 248 4168 (καθόλου)
269 4099 441 4154 Charaktere
466 4100 509 4154 als
534 4101 679 4155 wahrhalt
703 4103 850 4173 poetische
869 4103 1017 4156 Gestalten
1042 4102 1207 4166 auorlmnnt,
1232 4104 1396 4172 notwendig

113 4171 200 4226 dahin
213 4172 343 4226 kommen
363 4171 468 4235 mulita
490 4172 534 4225 die
552 4173 676 4227 mittiere
694 4174 751 4229 und
770 4191 828 4228 was
848 4174 905 4228 ihm
926 4180 1001 4228 elwa
1018 4190 1075 4228 von
1090 4174 1138 4227 der
1150 4189 1243 4228 neuen
1256 4174 1395 4230 Komddie

111 4244 187 4298 noch
206 4244 335 4297 bekannt
354 4259 420 4308 war,
439 4243 481 4298 als
500 4243 629 4313 Gattung
648 4244 723 4299 hoch
743 4245 810 4299 uber
829 4245 874 4299 die
893 4245 951 4298 alte
970 4261 1006 4298 zu
1025 4245 1152 4298 stellen.‘⁸

155 4385 161 4396 ·
220 4313 240 4379 'l
258 4315 291 4368 cl.
312 4315 471 4385 Gompernii
496 4316 711 4370 translationem
732 4318 790 4387 p.9
809 4318 837 4370 et
856 4316 977 4371 eundum
1003 4316 1031 4370 in
1057 4317 1137 4370 relat.
1161 4317 1243 4372 acad.
1262 4316 1341 4372 Viud.
1361 4318 1394 4373 cl.

112 4385 296 4538 philos-,pipp
309 4385 680 4527 Ιξθθθὲὲἰίθθῗὸθθθθὸθὸ)
699 4475 727 4528 p.
740 4458 783 4512 25.
810 4459 985 4528 Quamquam
998 4475 1055 4512 non
1067 4458 1167 4528 ignoro
1180 4461 1395 4517 translationem

112 4528 263 4587 Arabicam
281 4528 393 4599 saepius
412 4545 474 4583 esse
493 4532 637 4584 mcertam.

164 4623 269 4680 Kayser.
1198 4620 1216 4673 3
