3190 4944
633 241 856 299 ..29-

105 418 261 494 tEquidem
285 419 330 476 sic
353 419 414 476 iam
439 419 577 487 obdurui,
610 422 646 476 ut
668 419 749 477 ludis
773 419 912 477 Caesaris
935 419 1033 476 nostri
1064 419 1165 477 auimo
1198 419 1386 494 aequissimo

103 508 235 565 viderem
252 508 283 566 T.
299 507 449 575 Flaccum,
476 508 610 565 audirem
626 508 735 566 Laberi
751 511 781 566 et
796 508 907 578 Publili
923 506 1084 582 poemata?
1119 509 1221 584 Atque
1237 508 1386 567 Horatius

105 597 179 654 dicit
202 596 456 665 sat.l,10,5.6:

211 685 282 762 cNec
305 688 406 744 tamen
431 686 487 744 hoc
510 686 647 744 tribuens
672 687 803 744 dederim
827 704 948 762 quoque
972 689 1085 744 cetera:
1108 703 1179 744 nam
1203 687 1247 744 sic

210 775 248 831 Et
269 774 377 832 Laberi
400 775 509 834 mimos
533 778 568 833 ut
591 776 718 850 pulchra
741 779 884 850 poemata
907 773 1017 833 miror?

102 863 201 938 Digna
232 867 333 921 autem
363 867 444 932 sunt,
478 882 557 940 quae
582 868 859 934 commemorentur,
886 866 1037 923 Ciceronis
1061 866 1154 923 verba
1177 863 1208 921 in
1232 864 1320 938 epist
1344 863 1384 921 ad

101 953 173 1010 fam.
197 952 248 1010 lib.
264 952 313 1020 IX,
331 953 425 1021 16,Ἷ;
450 953 547 1030 ςΝυιιο
570 954 660 1011 venio
685 954 724 1010 ad
747 954 917 1012 iocationes
940 957 1021 1021 tuas,
1048 953 1192 1028 quoniam
1212 956 1250 1011 'tu
1274 970 1385 1010 secun·

102 1043 173 1098 dum
198 1043 384 1099 Oenomaum
407 1043 480 1100 Acci
503 1061 573 1111 non,
607 1046 642 1101 ut
674 1043 744 1101 olim
773 1043 901 1110 solebat,
925 1042 1107 1110 Atellanam,
1141 1043 1204 1110 sed,
1237 1044 1273 1100 ut
1303 1059 1384 1100 nunc

101 1132 145 1197 iit,
184 1131 307 1188 mimum
342 1130 556 1189 introduxisti.³
610 1132 727 1189 Fabula
762 1133 840 1189 enim
874 1132 1016 1190 'Atellana
1050 1131 1140 1188 mimo
1176 1131 1384 1190 antecedebat.

102 1220 208 1294 ltaque
245 1221 326 1294 apud
360 1221 535 1279 Diomedem
566 1239 594 1295 p.
621 1221 661 1280 53
675 1220 710 1278 Κ.
740 1221 886 1295 scriptum
920 1221 1062 1294 legimus:
1099 1221 1190 1297 eapud
1227 1220 1384 1278 Romanos

104 1311 308 1383 praetextata,
337 1310 520 1374 tabernaria,
545 1310 695 1377 Atellana,
726 1308 885 1384 planipes?
931 1309 1074 1384 Planipes
1107 1310 1185 1367 enim
1216 1309 1297 1384 apud
1321 1309 1383 1367 Ro-

104 1415 212 1455 manos
228 1399 398 1456 vocabatur
417 1393 562 1479 mimus.¹)
601 1399 688 1474 Apud
706 1397 922 1468 Quintilianum
939 1399 1049 1456 mimus
1064 1417 1127 1457 una
1142 1416 1209 1456 cum
1226 1398 1385 1456 comoedia

106 1490 358 1545 commemoratur
382 1487 474 1545 simili
504 1487 620 1545 ratione
644 1490 738 1562 atque
762 1488 844 1562 apud
868 1488 1084 1548 Philodamum.
1131 1488 1282 1562 Scriptum
1305 1487 1384 1544 enim

105 1576 234 1650 legimus
259 1577 289 1633 in
311 1577 382 1634 inst.
407 1594 448 1635 or.
464 1577 511 1642 IV,
527 1577 556 1645 2,
570 1577 624 1634 53:
650 1579 709 1653 cest
731 1579 835 1634 autem
850 1577 973 1652 quidam
989 1580 1020 1635 ct
1035 1577 1146 1634 ductus
1163 1577 1206 1634 rei
1222 1576 1383 1644 credibilis,

105 1665 206 1740 qualis
230 1665 260 1722 in
285 1666 448 1723 comoediis
472 1667 563 1724 etiam
587 1667 670 1723 etin
694 1665 812 1724 mimis?

213 1755 271 1812 Sed
297 1755 404 1824 ineis,
430 1773 508 1830 quae
523 1755 716 1829 praecedunt,
743 1755 1001 1813 demonstravisse
1025 1755 1098 1812 mihi
1116 1754 1221 1812 videor
1236 1753 1332 1829 primo
1356 1772 1384 1812 a.

106 1844 171 1902 Chr.
188 1861 217 1903 n.
242 1843 366 1902 saeculo
397 1845 519 1901 mimum
543 1844 743 1902 dramaticum
766 1845 910 1902 floruisse
942 1847 1034 1920 atque
1066 1845 1097 1901 id
1127 1844 1274 1919 imprimis
1302 1843 1383 1918 apud

104 1933 270 1991 Romanos
294 1934 377 2003 Quos
393 1934 516 1990 mimum
534 1950 656 2008 quoque
671 1933 879 1991 introduxisse
896 1933 1077 1990 Graecorum
1095 1936 1219 1991 secutos
1236 1933 1385 1990 rationem

104 2019 301 2080 statuendum
318 2039 386 2079 esse
397 2023 507 2080 iudico.
524 2022 631 2097 ltaque
648 2040 759 2095 magna
775 2040 842 2079 cum
855 2022 1079 2097 probabilitatis
1097 2022 1197 2097 specie
1210 2022 1383 2079 existimare

104 2111 243 2168 videmur
274 2111 369 2169 altero
402 2129 428 2169 a.
451 2111 516 2169 Chr.
537 2130 565 2169 n.
598 2111 722 2168 saeculo
754 2112 836 2185 apud
868 2111 1000 2168 Graecos
1031 2113 1154 2169 mimum
1186 2111 1385 2168 dramaticum

101 2200 267 2258 exstitisse.
298 2200 402 2274 Neque
425 2218 498 2258 vero
515 2201 696 2258 Aristoteles
720 2203 775 2257 aut
791 2200 1019 2275 Theophrastus
1044 2218 1111 2258 eum
1134 2201 1229 2268 novit,
1254 2199 1285 2256 id
1302 2199 1384 2275 quod

101 2288 245 2346 Reichius
266 2289 285 2346 l.
303 2307 326 2346 s.
344 2306 368 2346 s
384 2289 465 2346 dicit.
499 2290 582 2359 Quae
603 2307 670 2347 cum
692 2289 737 2346 ita
757 2289 827 2357 sint,
849 2289 1002 2346 Usenerus
1022 2289 1054 2345 in
1069 2289 1154 2347 relat.
1172 2290 1257 2347 acad.
1273 2290 1383 2346 Bavar.

105 2377 188 2435 1892
213 2396 241 2452 p.
259 2378 321 2436 621
348 2379 462 2454 optimo
486 2380 550 2436 iure
573 2381 666 2452 negat
689 2379 770 2436 mimi
793 2377 999 2436 definitionem
1024 2379 1105 2452 aqud
1121 2378 1296 2436 Diomedem
1319 2382 1384 2435 tra-

102 2467 196 2524 ditam
221 2484 290 2524 esse
313 2468 498 2526 referendam
523 2468 562 2524 ad
586 2467 836 2543 Theophrastum.
892 2519 894 2522 .

208 2555 270 2612 Nec
293 2574 365 2615 vero
389 2557 525 2632 ineptum
541 2557 613 2614 mihi
634 2557 754 2614 videtur
770 2556 910 2614 hocloco
928 2557 1030 2631 poesis
1047 2556 1174 2613 Latinae
1190 2555 1383 2631 partitionem

101 2647 242 2713 tractare,
284 2662 363 2719 quae
395 2662 462 2702 cum
494 2645 648 2704 Diomedis
680 2646 717 2703 de
749 2647 942 2721 poematibus
981 2646 1081 2720 capite
1116 2646 1276 2703 cohaerere
1309 2644 1383 2701 mihi

101 2734 230 2792 videtur.
277 2734 428 2808 Scriptum
462 2735 540 2792 enim
570 2735 698 2809 legimus
729 2735 758 2792 in
791 2735 934 2810 anonymi
966 2735 1114 2810 excerptis
1146 2734 1228 2808 apud
1251 2733 1381 2792 Keilium

102 2823 135 2881 G.
148 2822 178 2880 L.
193 2823 233 2879 VI
257 2841 284 2896 p.
302 2823 379 2881 274:
404 2823 536 2899 cactuale
560 2827 616 2892 est,
651 2825 733 2899 quod
758 2824 865 2882 Graeci
888 2825 1044 2881 drasticon
1068 2823 1180 2887 dicunt,
1213 2824 1267 2882 ubi
1290 2814 1389 2897 poeta

101 2910 120 2987 'p
137 2912 242 2986 lyrica,
267 2912 434 2986 tragoedia,
460 2913 603 2988 satyrica,
621 2916 824 2986 praetextata,
842 2913 1008 2981 comoedia,
1026 2913 1210 2982 tabernaria,
1228 2913 1389 2980 Atellana,

101 3001 292 3067 ltlrintouica,
319 3001 457 3059 mimica.³
492 3001 616 3059 Lacuna
640 3005 750 3068 autem,
777 3020 856 3076 quae
872 3003 938 3060 hiat
960 3003 1039 3059 inter
1062 3001 1174 3078 ‘poeta’
1199 3004 1231 3059 et
1254 2999 1379 3078 ‘lyricass

101 3090 191 3148 facile
216 3092 317 3166 potest
342 3090 475 3165 suppleri
499 3091 614 3157 exeis,
638 3107 717 3164 quae
741 3091 855 3166 scripta
877 3092 1005 3166 legimus
1030 3092 1110 3166 apud
1128 3091 1256 3149 Keilium
1280 3090 1298 3147 l.
1315 3108 1338 3148 s.
1356 3109 1381 3148 s.

102 3197 129 3254 p.
147 3179 266 3259 312,r:
292 3179 383 3255 ‘Epos
401 3181 465 3237 sive
482 3180 674 3254 dactylicum,
701 3180 893 3254 epigramma,
918 3180 1057 3247 iambica,
1082 3180 1185 3254 lyrica,
1211 3179 1379 3252 tragoedia,

102 3269 207 3333 satira,
233 3271 433 3342 praetextata.
460 3270 625 3336 comoedia,
650 3270 834 3338 tabernaria,
851 3269 1001 3338 Atellana,
1026 3269 1215 3336 Rhintonica,
1242 3266 1382 3325 mimica?

100 3358 245 3415 Videmus
262 3357 353 3432 igitur
366 3358 453 3416 initio
470 3359 561 3415 huius
578 3359 752 3432 partitionis
770 3361 916 3434 quattuor
930 3358 984 3415 illa
998 3375 1121 3433 genera:
1146 3375 1229 3433 epos,
1248 3354 1382 3433 elegia,⁹)

101 3447 246 3513 iambica,
280 3447 383 3522 lyrica,
421 3448 456 3504 de
492 3447 602 3522 quibus
638 3465 732 3522 supra
767 3448 891 3522 egimus,
945 3448 1107 3505 Praeterea
1139 3449 1286 3523 quattuor
1315 3447 1382 3504 illa:

100 3535 266 3610 tragoedia,
304 3536 447 3610 satyrica,
485 3537 649 3602 comoedia,
687 3537 807 3594 mimica
830 3537 1014 3611 respondent
1049 3538 1101 3604 eis,
1139 3554 1218 3611 quae
1253 3537 1383 3612 praebet

101 3624 272 3683 Diomedes
319 3625 436 3691 Restat,
470 3629 505 3683 ut
528 3643 628 3700 pauca
652 3626 749 3682 dicam
773 3625 808 3683 de
833 3628 980 3700 quattuor
1002 3626 1062 3683 illis
1087 3626 1260 3700 generibus:
1292 3642 1381 3699 prae-

101 3715 229 3781 textata,
262 3714 444 3783 tabernaria,
470 3715 620 3780 Atellana,
646 3715 836 3773 Rhintonioa.
881 3714 957 3771 Illud
983 3714 1184 3791 ‘Rhintonica'
1209 3713 1287 3772 male
1312 3731 1382 3770 esse

101 3803 236 3877 positum
260 3820 315 3876 pro
340 3803 499 3880 ‘planipes’
524 3821 670 3878 apparere
693 3803 803 3861 iudica
845 3803 878 3860 In
902 3804 1124 3879 prolegomenis
1148 3804 1186 3860 ad
1209 3803 1380 3860 Terentium
1496 3847 1498 3851 -

102 3891 282 3965 conscriptis
315 3892 426 3949 similia
455 3893 657 3950 inveniuntur.
705 3893 741 3950 cf.
764 3893 878 3950 Donati
909 3896 1110 3950 commentum
1142 3893 1262 3950 Terenti
1293 3892 1337 3950 ed.
1362 3905 1384 3948 a

102 3979 267 4038 Wessnero
283 3980 296 4037 Ι
315 4000 342 4056 p.
358 3982 412 4038 21:
437 3982 524 4068 5lllud
540 3999 612 4040 vero
629 3982 791 4039 tenendum
808 3985 863 4048 est,
884 3984 957 4056 post
971 3981 1046 4042 νέαν
1061 3979 1239 4061 κωμῳδίαν
1254 3980 1380 4038 Latinos

102 4070 198 4128 multa
221 4069 394 4128 fabularum
422 4087 534 4142 genera
563 4071 737 4146 protulisse.
772 4073 808 4128 ut
836 4073 1004 4146 togatas
1036 4073 1075 4130 ab
1108 4071 1255 4129 scaenicis
1288 4072 1381 4145 atque

102 4158 288 4232 argumentis
304 4158 430 4227 Latinis
455 4163 747 4234 praetextatas
772 4179 792 4217 a
808 4161 954 4235 dignitate
978 4178 1177 4235 personarum
1196 4159 1382 4234 tragicarum

210 4314 229 4380 ¹)
249 4313 282 4366 cl.
302 4311 466 4366 Diomedem
484 4328 511 4381 p.
524 4312 566 4377 59,
580 4312 630 4367 las
648 4313 757 4370 Kaibel.

208 4383 302 4508 lp¹⁰
321 4381 534 4524 ‘irrisit
552 4385 757 4512 ‘lhffldt
776 4383 1087 4512 athribidis·
1101 4383 1381 4510 ..issisti-‘ist

102 4455 216 4597 3231?
215 4471 281 4580 app
292 4472 454 4596 llpigramm
472 4472 667 4596 gessiieden'r
681 4497 696 4521 ’³
1044 4473 1063 4526 g
1081 4472 1099 4526 g
