3190 4944
738 246 961 304 -30-

209 425 382 485 ex'Latina
412 424 550 493 historia,
579 424 797 482 Atellanas
829 443 849 481 a
880 424 1004 482 civitate
1035 423 1227 499 Campaniae,
1260 423 1313 480 ubi
1344 423 1492 482 actitatae

211 516 285 572 sunt
308 513 429 588 primae,
460 513 733 572 Rhintonicas
761 515 801 571 ab
830 514 966 571 auctoris
998 513 1126 580 nomine,
1160 513 1427 572 tabernarias
1452 514 1491 570 ab

211 603 381 661 humilitate
412 603 582 676 argumenti
605 620 642 660 ac
665 602 735 670 stili,
769 603 907 661 mimos
939 604 978 660 ab
1010 602 1155 660 diuturna
1184 601 1354 660 imitatione
1386 601 1492 660 vilium

211 710 309 749 rerum
340 709 376 749 ac
406 692 517 750 levium
546 689 763 766 personarum?
812 691 943 748 Similem
971 691 1144 748 fabularum
1167 691 1372 748 Romanarum
1395 690 1492 765 parti-

211 782 324 839 tionem
334 776 359 862 1)
387 781 480 838 habet
508 780 538 837 O.
562 781 663 838 Julius
688 781 792 838 Victor
816 798 840 838 0.
856 779 949 837 XXVI
972 780 1008 837 de
1040 779 1292 838 sermocinatione
1315 779 1402 838 Rhet.
1425 779 1492 837 Lat.

210 870 280 928 Min.
304 888 332 945 p.
349 871 423 937 447,
436 869 477 927 32
490 868 538 927 Η.;
564 869 702 946 ιΜυΙιιιαι
719 869 758 926 ad
775 869 923 927 sermonis
940 869 1123 942 elegantiam
1139 869 1293 926 conferent
1316 868 1492 926 comoediae
1509 895 1510 899 ¹

176 998 178 1003 -
210 965 329 1017 veteres
354 962 385 1016 et
406 961 531 1034 togatae
562 961 593 1017 et
614 958 806 1016 tabernariae
830 961 860 1016 et
882 958 1041 1016 Atellanae
1064 958 1187 1016 fabulae
1211 960 1242 1016 et
1264 957 1490 1028 mimofabulae,

207 1049 339 1106 multum
363 1048 455 1105 etiam
479 1047 627 1122 epistolae
650 1049 778 1116 veteres,
803 1047 961 1122 inprimis
986 1045 1162 1105 Tullianae.³

317 1137 443 1194 Proclus
468 1139 571 1193 autem
603 1136 710 1194 mimos
734 1136 765 1193 in
789 1137 1010 1194 comoediarum
1042 1153 1167 1193 numero
1191 1135 1311 1194 videtur
1334 1135 1490 1205 habuisse,

206 1226 284 1302 quia
299 1229 343 1283 -et
369 1226 400 1282 in
423 1225 525 1283 Photii
555 1225 750 1299 bybliotheca
780 1228 811 1283 et
841 1226 873 1283 in
904 1225 998 1284 schol.
1021 1225 1145 1284 Londin.
1170 1225 1209 1282 ad
1235 1225 1361 1300 Dionys.
1386 1224 1492 1283 Thrac.

211 1317 271 1373 tria
293 1332 405 1388 genera
427 1314 633 1372 inveniuntur:
661 1311 819 1394 τραγικόν,
843 1310 999 1393 κωμικόν,
1023 1311 1198 1392 σατυρικόν.
1245 1314 1357 1372 Tamen
1380 1314 1439 1371 hac
1461 1314 1493 1370 in
1588 1339 1589 1360 r

210 1423 241 1462 re
258 1404 424 1462 secundum
444 1422 489 1472 ea,
516 1421 594 1479 quae
610 1403 767 1462 Kaibelins
787 1404 931 1479 'exposuit
946 1403 978 1461 in
994 1403 1214 1479 prolegomenis
1228 1400 1300 1480 περὶ
1315 1399 1493 1481 κωμῳδίας

211 1511 239 1568 p.
257 1494 298 1552 65
310 1512 365 1569 ορ,
395 1490 534 1549 Proclum
559 1511 596 1550 ex
619 1493 724 1551 eodem
747 1492 832 1550 fonte
855 1493 1000 1550 hausisse
1023 1493 1124 1551 iudico
1149 1495 1241 1568 atque
1263 1492 1439 1550 Diomedem
1463 1493 1494 1550 et

210 1584 362 1640 tractatus
386 1581 508 1640 Ooislin.
533 1584 695 1640 auctorem.

319 1671 378 1728 Sed
402 1671 561 1729 veniamus
586 1671 626 1729 ad
649 1670 776 1729 alteram
796 1672 948 1728 tractatus
965 1670 1197 1746 paragraphum,
1223 1670 1276 1728 ubi
1299 1670 1374 1728 haec
1397 1670 1494 1728 verba

212 1761 328 1835 scripta
356 1761 490 1818 exstant:
507 1757 542 1838 ἡ
565 1757 726 1838 τραγῳδία
750 1757 881 1838 ὑφαιρεῖ
899 1755 936 1818 τὰ
960 1755 1085 1838 φοβερὰ
1108 1756 1285 1838 παθήματα
1307 1762 1363 1838 τῆς
1385 1762 1494 1838 ψυχῆς

213 1846 252 1909 δι’
270 1847 376 1908 οἴκτου
393 1845 446 1908 καὶ
462 1845 556 1914 δέους
573 1865 578 1877 ·
596 1845 650 1908 καὶ
673 1845 718 1908 ὅτι
734 1845 928 1926 συμμετρίαν
942 1845 1028 1908 dcta
1044 1847 1124 1928 ἔχειν
1139 1851 1195 1907 τοῦ
1211 1845 1327 1927 φόβου.
1359 1848 1493 1906 Eandem

213 1941 316 1996 autem
340 1938 521 1995 sententiam
544 1938 715 1996 invenimus
739 1934 809 2016 §72
840 1935 1015 2016 συμμετρία
1038 1940 1094 1997 τοῦ
1118 1934 1225 2016 φόβου
1249 1934 1337 1997 θέλει
1360 1933 1437 1996 εἶναι
1460 1934 1493 1997 ἐν
1588 1951 1589 1992 1

211 2030 277 2093 ταῖς
298 2023 489 2105 τραγῳδίαις
511 2023 565 2085 καί
586 2029 642 2086 τοῦ
667 2023 790 2104 γελοίου
814 2024 847 2086 ἐν
869 2029 935 2092 ταῖς
957 2023 1155 2104 κωμῳδίαις.
1201 2026 1256 2084 His
1285 2028 1388 2084 autem
1416 2025 1492 2083 locis

213 2116 250 2172 de
273 2115 448 2190 tragoediae
472 2116 607 2173 catharsi
637 2116 688 2188 agi
711 2115 790 2190 quis
805 2118 853 2173 est
877 2115 950 2189 quin
972 2115 1150 2190 intellegat?
1196 2115 1300 2189 Neque
1323 2131 1396 2172 vero
1421 2114 1494 2172 mihi

211 2204 244 2262 in
268 2206 368 2262 animo
393 2207 441 2262 est
464 2205 500 2262 de
523 2205 700 2279 tragoediae
724 2207 755 2262 et
778 2205 953 2262 comoediae
984 2204 1120 2262 catharsi
1144 2204 1300 2279 copiosius
1324 2204 1491 2278 disputare,

209 2294 249 2351 de
266 2311 328 2368 qua
349 2293 408 2352 viri
425 2294 509 2350 docti·
522 2294 680 2369 permultis
702 2293 788 2350 libris
811 2294 925 2351 iudicia
940 2294 1139 2368 protulerunt.
1175 2293 1233 2351 Sed
1250 2310 1350 2368 pauca
1372 2295 1493 2350 tantum

213 2384 349 2442 afferam.
396 2383 473 2453 Quid
496 2383 656 2457 tragoedia
688 2385 718 2440 et
741 2383 826 2457 epioo
858 2382 989 2440 carmine
1020 2383 1180 2450 efficiatur,
1216 2381 1289 2440 dicit
1311 2381 1493 2439 Aristoteles

213 2473 243 2529 in
260 2475 323 2530 arte
340 2475 419 2545 poet.
436 2491 463 2548 p.
484 2472 566 2530 1453
584 2474 603 2531 b
619 2472 673 2530 10:
698 2469 736 2531 οὐ
761 2468 821 2550 γὰρ
844 2474 952 2531 πᾶσαν
968 2469 1016 2532 δεῖ
1029 2471 1130 2550 ζητεῖν
1146 2467 1266 2550 ἡδονὴν
1289 2466 1354 2530 ἀπὸ
1369 2490 1493 2549 τραγῳ-

214 2558 291 2630 δίας,
315 2557 393 2620 ἀλλὰ
408 2558 465 2639 τὴν
481 2559 608 2631 αἰκείαν,
633 2561 670 2618 de
694 2561 825 2618 carmine
850 2561 935 2635 epico
960 2579 988 2635 p.
1009 2561 1091 2619 1459
1109 2561 1196 2618 a21:
1221 2559 1258 2620 ἵν’
1281 2557 1388 2637 ὥςπερ
1405 2557 1493 2637 ζῷον

211 2649 248 2710 ἓν
278 2646 352 2710 ὅλον
386 2653 463 2729 ποιῇ
496 2647 552 2730 τὴν
582 2648 700 2710 οἰκείαν
731 2647 851 2728 ἡδονήν
874 2652 906 2708 et
928 2667 955 2723 p.
975 2649 1059 2707 1462
1077 2650 1095 2707 b
1111 2649 1164 2708 13:
1200 2647 1250 2710 δεῖ
1277 2649 1337 2728 γὰρ
1368 2645 1407 2708 οὐ
1437 2644 1494 2727 τὴν

211 2741 369 2817 τυχοιῖσαν
385 2735 507 2818 ἡδονὴν
529 2742 629 2799 ποιεῖν
644 2735 749 2823 αὐτάς,
773 2734 852 2798 ἀλλὰ
867 2735 923 2816 τὴν
946 2736 1125 2817 εἰρημένην.
1161 2739 1220 2796 Sed
1236 2739 1307 2816 quid
1324 2738 1366 2795 sit
1380 2734 1492 2817 ἡδονή,

212 2845 251 2886 ex
274 2828 318 2886 cis
343 2845 487 2902 apparere
503 2831 588 2902 puto,
614 2845 693 2903 quae
710 2828 824 2903 scripta
840 2827 978 2885 videmus
1001 2828 1032 2884 in
1047 2827 1097 2886 lib.
1113 2827 1154 2885 III
1176 2825 1249 2904 περὶ
1262 2830 1371 2906 ψυχῆς
1387 2845 1414 2901 p.
1428 2826 1490 2883 431

213 2935 233 2974 a
248 2917 300 2976 10:
325 2915 386 2977 ἔστι
408 2913 443 2976 τὸ
459 2914 594 2996 ἥδεσθαι
609 2912 645 2976 τδ
661 2913 795 2994 ἐνεργεῖν
810 2919 848 2996 τῇ
865 2913 1033 2996 αι’σδητικῇ
1048 2914 1194 2996 μεσότητι
1209 2912 1292 2994 πρὸς
1306 2912 1342 2975 τδ
1358 2911 1493 2993 ἀγαθόν.

213 3007 329 3077 Quibus
354 3023 391 3063 ex
413 3006 515 3064 verbis
531 3005 620 3064 facile
637 3005 738 3062 estad
761 3005 994 3080 intellegendum
1011 3006 1185 3064 Aristotelis
1201 3004 1354 3063 sententia
1368 3024 1493 3082 μετριο-

211 3092 350 3155 πάθειαν
382 3094 463 3152 effici
495 3094 622 3162 laetitia,
656 3094 687 3151 id
712 3095 792 3169 quod
825 3095 971 3170 scriptum
999 3095 1126 3169 legimns
1161 3095 1193 3151 in
1216 3096 1352 3152 tractatu
1376 3089 1495 3171 Coislfl)

213 3183 320 3259 Itaque
344 3184 533 3242 enuntiatum
557 3183 631 3241 illud
647 3184 829 3258 paragraphi
852 3184 881 3242 2.
899 3187 929 3241 et
945 3186 974 3242 7.
997 3184 1184 3242 referendum
1201 3186 1248 3240 est
1265 3183 1303 3240 ad
1318 3182 1495 3240 Aristotelis

214 3273 390 3330 doctrinam.
436 3272 496 3329 Sed
518 3272 608 3346 longe
632 3272 720 3331 aliter
750 3290 818 3330 mea
838 3273 961 3348 ¹quidem
986 3274 1138 3331 sententia
1159 3273 1355 3331 iudicandum
1386 3273 1435 3330 cst
1458 3271 1495 3327 de

213 3362 309 3438 primo
341 3361 499 3419 enuntiato
524 3362 706 3437 paragraphi
730 3361 768 3429 2.,
803 3363 884 3437 quod
915 3362 1036 3420 minime
1068 3380 1104 3419 ex
1134 3361 1309 3420 Aristotelis
1341 3361 1496 3419 sententia

212 3450 376 3508 emanavit.
422 3450 562 3524 Legimus
588 3450 665 3507 enim
688 3450 741 3508 illo
764 3451 842 3518 loco,
876 3450 1129 3525 quemadmodum
1158 3454 1265 3508 auctor
1286 3449 1336 3508 ille
1359 3450 1495 3508 incertus

213 3539 388 3597 Aristotelis
420 3540 456 3596 de
492 3540 626 3597 catharsi
660 3539 778 3612 tragica
810 3540 977 3598 doctrinam
1013 3540 1217 3614 explicaverit.
1268 3539 1386 3596 Etenim
1421 3538 1497 3595 dicit

212 3628 372 3702 tragoedia
400 3645 453 3685 eos
477 3629 596 3686 animae
627 3629 760 3686 affectus
791 3628 866 3697 tolli,
900 3629 1011 3704 quihus
1042 3629 1132 3687 timor
1163 3630 1284 3687 nicatur.
1332 3627 1391 3685 Sed
1415 3627 1496 3685 sitne

213 3719 289 3775 haec
312 3717 486 3774 Aristotelis
512 3717 671 3785 sententia,
698 3717 835 3792 equidem
859 3718 973 3776 dubito.
1011 3718 1148 3776 Ceterum
1172 3716 1396 3792 quodammodo
1421 3733 1495 3773 con-

213 3824 319 3881 gruere
335 3805 407 3862 mihi
422 3806 542 3864 videtur
557 3806 633 3864 haec
657 3806 810 3864 sententia
825 3808 977 3865 tractatus
994 3806 1083 3865 Ooisl.
1101 3824 1169 3864 cum
1193 3806 1246 3874 eis,
1273 3823 1351 3881 quae
1367 3804 1497 3879 protulit

321 3962 340 4031 ¹)
360 3961 467 4014 Omitto
486 3960 599 4015 loannis
617 3959 688 4030 Lydi
707 3977 806 4030 nugas,
830 3959 878 4030 qui
896 3959 1071 4014 comoediam
1090 3961 1249 4014 Romanam
1261 3957 1328 4026 1‚40
1347 3958 1447 4012 dividit
1467 3959 1495 4013 in

214 4035 324 4103 septem
343 4048 455 4102 genera.
486 4032 557 4086 Item
577 4034 643 4086 sunt
661 4030 879 4102 perversissima,
900 4047 972 4101 quae
990 4030 1172 4113 inveniuntur
1190 4030 1265 4101 apud
1280 4029 1436 4102 [heronem]
1457 4031 1496 4084 ad

213 4103 279 4158 Hor.
299 4105 352 4186 art.
371 4108 448 4172 poet.
456 4120 486 4185 v.
499 4103 552 4158 288
571 4103 626 4157 vol.
639 4103 664 4157 ll
683 4119 710 4172 p.
723 4100 777 4157 356
796 4102 837 4156 ed.
850 4103 963 4184 heller:
982 4102 1206 4192 ‘Comoedrerum
1224 4118 1327 4170 genera
1346 4104 1412 4157 sunt
1430 4117 1496 4156 sex:

212 4174 1157 4316 ttttttdttlddtltltlttttltltttttddltt·
1200 4173 1306 4228 aar...
1327 4189 1377 4228 ⁸⁰⁸
1390 4189 1497 4243 ΨΜ

320 4317 341 4384 ⁹)
362 4317 397 4372 ci.
417 4316 601 4372 Plutarchum
624 4319 807 4386 personatum
833 4317 867 4369 de
893 4316 953 4369 vita
977 4319 1007 4370 et
1032 4316 1109 4386 poesi
1134 4315 1248 4370 Homeri
1267 4331 1290 4370 c.
1306 4315 1356 4370 135
1375 4315 1431 4370 vol.
1444 4315 1497 4369 Vll

213 4404 240 4458 p.
254 4386 307 4442 408
320 4389 452 4446 Bernad.:
469 4383 504 4440 Οἱ
520 4384 544 4440 δ’
563 4385 591 4440 ἐκ
608 4395 656 4440 τοῦ
668 4386 822 4459 Περιπάτου
834 4388 882 4453 τὴν
898 4385 1035 4440 ἀπάθειαν
1052 4387 1192 4456 ἀνέφικτον
1204 4383 1340 4457 ἀνθρώπῳ
1352 4387 1497 4455 νομίζουσι,

212 4460 261 4525 τὴν
279 4455 539 4604 ἐξμετριστίτέἱθειαν
563 4453 714 4528 εἰσάγοντες,
738 4464 776 4527 τῷ
800 4459 850 4524 τὴν
867 4455 1014 4530 ὑπερβολὴν
1030 4462 1085 4511 τῶν
1101 4459 1203 4510 παθῶν
1220 4457 1345 4529 ἀναιρεῖν,
1369 4455 1498 4527 μεσότητι

211 4531 261 4598 τὴν
314 4534 373 4599 ετὴν
390 4531 422 4604 δρ
450 4551 532 4586 ονται,
1035 4555 1037 4561 ·
