3190 4944
719 257 941 314 ..40-

189 432 394 514 φαινομένων
425 431 663 514 ἐνθυμημάτων
693 431 736 502 είς
765 432 826 514 μὲν
856 433 875 495 ὁ
904 431 992 514 παρὰ
1022 431 1079 514 τήν
1116 432 1197 506 λέξιν
1221 481 1228 496 .
1253 481 1260 496 .
1285 481 1292 494 .
1323 427 1400 519 (καλ
1423 428 1474 520 ἐν)

187 527 253 590 τοῖς
292 521 495 603 ἐνθυμήμασι
532 520 568 584 τδ
614 522 889 604 συνεστραμμένον
934 521 987 585 καί
1033 522 1334 604 ἀντικειμένως
1378 523 1474 586 εἰπεῖν

188 611 330 692 φαίνεται
352 610 523 692 ἐνθύμημα
540 610 583 692 ’ή
608 609 668 692 γὰρ
690 611 816 694 τοιαύτη
840 611 921 684 λέξις
948 611 1040 692 χώρα
1068 611 1149 674 ἐστὶν
1172 611 1399 693 ἐνθυμήματος
1421 611 1474 674 καὶ

188 701 272 762 ἔοικε
293 698 329 781 τδ
351 705 492 762 τοιοῦτον
516 697 594 762 εἶναι
615 699 717 781 παρὰ
740 699 780 763 τὸ
808 706 933 782 σχήμα
956 706 1020 782 τῆς
1042 699 1181 772 λέξεως
1205 707 1236 761 et
1257 703 1307 761 lib.
1324 703 1373 762 111.
1390 721 1415 760 c.
1434 703 1473 762 10

188 809 216 866 p.
241 790 325 849 1410
347 791 442 850 1227:
473 788 553 851 κατὰ
583 787 643 870 μέν
670 786 728 852 οὗν
755 787 811 871 τὴν
840 789 981 852 διάνοιαν
1007 795 1063 852 τοῦ
1091 789 1263 872 λεγομένου
1286 788 1324 852 τά
1347 795 1474 853 τοιαῦτα

187 877 352 960 εὐδοκιμεῖ
370 881 434 940 τῶν
457 877 705 959 ἐνθυμημάτων,
729 877 823 940 κατὰ
848 877 886 941 δέ
908 877 974 958 τήν
1000 877 1100 951 λέξιν
1123 883 1173 959 τῷ
1202 878 1271 960 μὲν
1295 879 1473 960 σχήματι,

187 965 243 1029 έάν
266 967 539 1049 ἀντικειμένως
566 965 698 1048 λέγηται.
745 969 861 1039 Quibus
886 987 923 1027 ex
946 970 1023 1028 locis
1047 970 1200 1028 concludit
1222 970 1368 1028 Arndtius
1392 971 1473 1028 hune

188 1075 313 1116 sensum
337 1076 405 1116 esse
421 1058 650 1133 praeterendum
666 1076 764 1134 neque
788 1059 917 1127 dubitat,
936 1059 1009 1134 quin
1024 1076 1056 1116 re
1071 1077 1145 1117 vera
1159 1059 1190 1116 in
1207 1059 1348 1133 catalogo
1366 1063 1472 1138 σχῆμα

186 1144 304 1217 λέξεως
327 1147 369 1205 sit
391 1144 545 1213 ἀντίθεσις
573 1147 622 1204 vel
646 1148 760 1206 similes
792 1149 918 1222 figurae.
964 1148 1011 1204 Ad
1041 1148 1120 1204 hanc
1151 1148 1332 1206 sententiam
1364 1149 1473 1206 confir-

187 1236 329 1294 mandam
353 1236 444 1293 aflert
470 1236 571 1294 locum
593 1236 766 1295 Tullianum
789 1237 825 1294 de
849 1254 891 1296 or.
915 1237 950 1306 ΙΙ,
965 1237 1038 1296 263.
1077 1237 1240 1294 Praeterea
1262 1237 1381 1294 Arndtii
1405 1255 1473 1295 sen·

186 1326 284 1383 tentia
305 1324 430 1382 lulcitur
452 1324 520 1384 loco
536 1324 588 1383 illo
605 1325 805 1384 Demetriaco.
844 1326 982 1384 Vidimus
999 1327 1078 1384 enim
1095 1326 1217 1400 singula
1232 1326 1351 1384 ridiculi
1362 1343 1473 1405 genera

186 1414 218 1472 in
240 1416 376 1472 tractatu
400 1413 490 1472 (loisl.
514 1415 629 1472 tradita
652 1416 785 1472 maxima
809 1433 846 1472 ex
869 1418 956 1490 parte
980 1432 1048 1472 cum
1064 1415 1140 1474 locis
1156 1415 1472 1473 Pseudodemetrianis

187 1511 360 1578 congruere.
408 1502 467 1560 Sed
492 1504 564 1579 quid
587 1503 639 1561 illo
663 1507 770 1583 σχῆμα
793 1500 909 1574 λέξεως
939 1505 970 1562 in
997 1506 1133 1562 tractatu
1157 1503 1246 1562 Goisl.
1270 1505 1470 1580 significetur,

187 1592 311 1650 difficile
335 1592 445 1650 estad
477 1593 715 1660 diiudicandum,
750 1593 824 1668 quia
855 1593 897 1651 nil
928 1592 1059 1668 amplius
1091 1593 1151 1650 nisi
1181 1594 1257 1652 haec
1288 1594 1349 1650 duo
1380 1594 1473 1651 verba

187 1682 261 1740 sunt
282 1681 404 1740 tradita.
450 1681 596 1740 Fortasse
620 1685 727 1760 σχῆμα
750 1679 866 1752 λέξεως
894 1685 1055 1757 utramque
1079 1682 1140 1739 vim
1162 1683 1262 1749 habet,
1296 1682 1472 1757 praesertim

187 1787 255 1828 oum
278 1787 377 1846 usque
401 1771 439 1828 ad
464 1770 593 1846 primum
617 1789 643 1827 a.
661 1771 726 1828 Chr.
742 1789 770 1828 n.
792 1771 948 1830 saeculum
968 1772 1054 1830 vario
1071 1788 1164 1829 sensu
1188 1771 1229 1828 sit
1250 1766 1472 1846 usurpatum.1)

295 1859 354 1916 Sed
378 1859 417 1916 ad
437 1859 572 1930 ¹ridicula
597 1859 628 1916 in
656 1861 747 1918 rebus
778 1861 882 1936 posita
908 1863 1110 1920 transeamus,
1161 1861 1228 1931 Qua
1254 1860 1286 1917 in
1313 1878 1345 1918 re
1372 1863 1472 1918 utrum

185 1949 339 2006 tractatus
364 1948 541 2007 Goisliniani
565 1946 718 2028 ὁμοίωσις
742 1949 946 2023 comparanda
977 1950 1019 2007 sit
1049 1967 1117 2006 cum
1144 1949 1285 2008 Demetrii
1315 1949 1472 2024 personati

186 2033 298 2116 qlod,
324 2037 376 2095 ubi
400 2038 474 2095 haee
498 2039 612 2113 scripta
635 2039 790 2096 videmus:
821 2035 876 2098 καὶ
906 2036 1039 2098 εἰκασίαι
1069 2035 1098 2098 δ’
1129 2035 1205 2098 εἰσὶν
1232 2035 1402 2117 εὐχάριτες,
1434 2037 1472 2097 ἀν

186 2122 241 2186 τὸν
272 2123 465 2204 ἀλεκτρυόνα
495 2123 606 2205 Μήδῳ
637 2125 777 2206 εἰκάσῃς,
810 2125 856 2186 ὅτι
886 2125 1063 2206 κυρβασίαν
1094 2123 1199 2206 ὀρθήν
1229 2125 1333 2206 φέρει,
1366 2143 1469 2194 necne,
1589 2203 1590 2212 η

186 2215 325 2289 equidem
349 2215 464 2274 dubito.
509 2217 553 2272 Ao
577 2234 614 2273 ne
630 2217 776 2274 Arndtius
800 2217 921 2292 quidem
945 2217 963 2274 1.
981 2235 1005 2274 s.
1018 2235 1041 2275 s.
1059 2233 1086 2290 p.
1104 2216 1143 2272 21
1170 2217 1259 2273 certis
1284 2216 1471 2288 argumentis

186 2303 218 2361 id
242 2305 438 2380 comprobare
462 2305 587 2363 studuit.
635 2305 748 2363 Contra
778 2307 892 2364 maiore
923 2323 991 2363 cum
1022 2305 1247 2381 probabilitatis
1276 2305 1377 2380 specie
1405 2323 1470 2362 meo
1589 2345 1590 2372 ,

186 2392 298 2450 iudicio
330 2392 405 2450 illud
437 2391 473 2454 ἐκ
504 2397 558 2472 τῆς
589 2391 711 2472 ἀπάτης
740 2394 843 2452 referri
873 2397 977 2468 potest
1007 2395 1046 2452 ad
1078 2395 1337 2452 Pseudodemetrii
1360 2389 1378 2472 ξ
1398 2393 1469 2462 159,

186 2482 240 2538 ubi
263 2482 339 2540 haec
361 2482 557 2541 inveniuntur
580 2485 690 2541 verba:
721 2479 883 2550 Πολλάκις
902 2480 941 2543 δὲ
964 2480 1017 2542 καὶ
1041 2481 1076 2543 ἐκ
1100 2479 1207 2562 φόβου
1232 2480 1470 2560 άλλασσομένου

186 2567 299 2650 γίνεται
321 2569 420 2650 χάρις,
445 2569 520 2631 ὅταν
544 2569 689 2650 διακενῆς
706 2593 751 2638 τις
773 2569 918 2652 φοβηθῇ,
942 2569 1011 2632 οἷον
1025 2568 1080 2631 τδν
1096 2568 1208 2650 ἱμάντα
1224 2569 1271 2639 ὡς
1286 2569 1362 2650 ὄφιν
1377 2568 1440 2631 κτλ.
1449 2568 1470 2647 ²)

185 2659 287 2734 Atque
311 2660 402 2718 etiam
425 2660 499 2717 illud
523 2657 611 2739 παρὰ
634 2658 831 2739 προσδοκίαν
855 2663 885 2718 et
907 2662 938 2718 in
962 2663 1097 2718 tractatu
1114 2661 1204 2719 Coisl.
1220 2663 1251 2718 et
1266 2661 1348 2734 apud
1363 2661 1471 2718 Deme·
1588 2667 1589 2670 ’

184 2749 277 2806 trium
299 2748 452 2808 traditur.
469 2750 558 2825 Apud
582 2750 662 2807 huno
686 2752 788 2808 autem
812 2747 832 2829 ξ
852 2749 913 2808 152
938 2751 1082 2824 scriptum
1111 2753 1225 2808 exstat:
1250 2745 1335 2809 Ἔστι
1366 2746 1402 2809 δέ
1428 2770 1471 2815 τις

185 2834 239 2898 καὶ
262 2835 282 2915 ή
306 2834 393 2917 παρὰ
416 2836 613 2917 προσδοκίαν
635 2836 736 2918 χάρις,
761 2836 808 2904 ὡς
824 2837 843 2917 ή
859 2841 915 2898 τού
931 2834 1124 2908 Κύκλωπος,
1149 2837 1195 2899 ὅτι
1210 2836 1342 2898 ύστατον
1357 2835 1472 2916 ἔδομαι

190 2920 285 2986 Οὖτιν
301 2971 307 2985 .
324 2925 363 2987 ού
387 2923 447 3006 γὰρ
470 2925 654 3007 προσεδόκα
676 2930 800 2988 τοιοῦτο
828 2924 930 2997 ξένιον
953 2926 1025 2988 οὔτε
1047 2923 1220 2994 Ὀδυσσεὺς
1248 2925 1319 2987 ούτε
1347 2925 1365 2987 ὁ
1395 2924 1470 2987 ἀνα-

186 3013 362 3093 γινώσκων.
398 3017 432 3073 ln
448 3017 501 3084 eis,
526 3034 605 3093 quae
622 3018 775 3084 secuntur,
794 3017 870 3074 haec
886 3017 1082 3074 inveniuntur
1097 3018 1202 3074 verba:
1227 3013 1281 3075 καὶ
1297 3013 1470 3094 ὁἈριστο-

185 3101 290 3183 φάνης
306 3102 356 3164 ἐπὶ
370 3108 426 3165 τοῦ
442 3101 650 3185 Σωκράτους,
674 3101 777 3184 κηρὸν
793 3103 948 3184 διατήξας,
972 3103 1077 3184 φησίν,
1101 3101 1163 3164 εἶτα
1185 3102 1337 3184 διαβήτην
1352 3102 1471 3183 λαβών,

186 3190 222 3252 έκ
245 3197 300 3272 τῆς
321 3191 513 3273 παλαίστρας
535 3192 658 3273 ἱμάτιον
672 3192 823 3273 ὑφείλετο.
847 3191 961 3274 §1532
982 3190 1067 3273 Ἤδη
1090 3192 1197 3272 μέντοι
1220 3192 1256 3254 ἐκ
1280 3191 1340 3253 δύο
1362 3191 1472 3254 τόπων

185 3278 323 3342 ἐνταῦθα
347 3281 467 3360 ἐγένετο
491 3282 510 3362 ή
534 3281 634 3362 χάρις,
666 3281 706 3344 οὐ
738 3280 798 3363 γὰρ
825 3281 913 3362 παρὰ
941 3281 1139 3362 προσδοκίαν
1168 3280 1271 3361 μόνον
1299 3280 1471 3361 ἀπηνέχθη,

186 3366 253 3428 ἀλλ’
278 3369 348 3430 οὐδ’
373 3369 546 3450 ἠκολούθει
568 3377 632 3439 τοῖς
656 3371 829 3452 προτέροις,
851 3371 870 3451 ή
893 3369 928 3433 δὲ
942 3369 1068 3450 τοιαύτη
1093 3369 1311 3432 ἀνακολουθία
1334 3368 1472 3431 καλεῖται

185 3462 314 3538 γρῖφος,
346 3458 452 3540 ὥςπερ
484 3459 502 3520 ὁ
532 3459 620 3541 παρὰ
651 3458 809 3541 Σώφρονι
839 3459 1024 3541 ῥητορεύων
1055 3457 1194 3527 Βουλίας
1218 3477 1224 3491 ·
1256 3457 1369 3520 οὐδὲν
1401 3457 1471 3539 γάρ
1587 3443 1588 3478 ¹

186 3544 406 3610 ἀκόλουθον
429 3548 517 3628 αύτῷ
540 3548 646 3629 λέγει.
693 3551 777 3621 Quae
800 3552 895 3609 verba
925 3552 963 3608 ab
987 3550 1115 3608 Arndtio
1138 3550 1156 3609 l.
1181 3568 1204 3608 s.
1229 3568 1253 3608 s.
1277 3567 1304 3624 p.
1322 3549 1364 3606 20
1396 3548 1472 3608 refe·

185 3641 294 3696 runtur
317 3639 355 3696 ad
378 3642 530 3698 tractatus
555 3640 645 3699 (loisl.
670 3643 810 3716 quartam
834 3640 966 3715 speciem
988 3639 1182 3697 ridiculorum
1206 3639 1237 3696 in
1260 3639 1361 3696 verbis
1386 3638 1471 3712 posi-

185 3728 299 3785 torum:
323 3725 359 3787 έκ
373 3731 430 3788 τοῦ
447 3725 583 3790 δυνατοῦ
598 3726 653 3790 καί
665 3726 900 3790 ἀνακολούθου.
935 3729 1022 3786 Hanc
1033 3731 1135 3786 autem
1151 3727 1335 3800 sententiam
1350 3727 1472 3785 minime

185 3817 290 3899 prolro.
315 3817 432 3892 Optime
463 3819 541 3875 enim
574 3819 613 3876 ad
644 3821 739 3877 verba
766 3836 861 3893 supra
888 3817 984 3876 allata
1008 3817 1156 3893 quadrare
1180 3816 1252 3874 mihi
1276 3815 1396 3874 videtur
1420 3832 1472 3874 ex-

184 3906 283 3963 trema
312 3906 507 3965 ridiculorum
537 3910 688 3966 tractatus
713 3907 803 3966 Goisl.
828 3907 962 3981 species:
994 3903 1069 3966 ὅταν
1099 3902 1311 3984 ἀσυνάρτητος
1334 3902 1352 3964 ὁ
1375 3900 1471 3983 λόγος
1586 3965 1587 3968 ,

185 3988 207 4072 ᾖ
230 3989 285 4053 καὶ
305 3992 467 4074 μηδεμίαν
490 3993 686 4057 ἀκολουθίαν
709 3991 832 4075 έχωνδ)
1586 3989 1587 4015 ’

185 4115 399 4126 -----.-.

226 4255 279 4309 585
294 4184 312 4253 ’γ
332 4185 581 4312 ci39szch5rggerum
605 4187 634 4240 in
659 4187 778 4240 Hermae
801 4185 858 4244 vol.
875 4184 991 4238 XXXlX
1010 4183 1100 4253 (1904)
1125 4200 1151 4254 p.
1166 4183 1219 4238 563
1241 4200 1311 4254 sqq„
1335 4182 1471 4253 imprimis

185 4269 213 4323 p‘
293 4272 538 4395 ffiiff'llmulm
556 4345 583 4399 p.
602 4328 635 4382 21
656 4328 721 4383 aun.
743 4328 765 4381 1.

293 4399 314 4468 ³)
334 4399 470 4456 Conferas
489 4401 574 4455 velim
591 4399 696 4454 iudicia
714 4400 748 4454 de
767 4398 939 4467 tragicorum
958 4398 1078 4452 canticis
1103 4396 1223 4467 prolata,
1250 4413 1323 4467 quae
1347 4394 1471 4464 conlegit
1585 4425 1586 4470 3

186 4465 458 4538 'l’rondelonburgius
477 4471 494 4525 l.
508 4488 529 4526 s.
544 4488 566 4526 s.
585 4488 612 4542 p.
625 4470 662 4524 44
682 4474 712 4552 ot
729 4487 755 4541 p.
771 4469 823 4524 108
833 4487 874 4541 sq.
894 4470 1025 4524 Ceterum
1037 4467 1214 4523 scribendum
1227 4484 1287 4522 esse
1300 4463 1471 4529 ἀκολουθίαν,
1585 4491 1586 4498 1

186 4539 458 4596 condominatur
477 4559 613 4614 apparere
631 4542 733 4597 iudico.
771 4541 843 4596 Nam
862 4537 1057 4593 ἀνακολουθίαν
1082 4538 1159 4594 solus
1183 4539 1299 4609 praebet
1325 4538 1472 4593 Cramerus
