3190 4944
725 238 948 296 ...28-

196 415 255 473 hoc
286 417 385 474 totum
416 416 453 473 de
484 416 733 490 pronuntiatione
764 418 858 491 caput
889 416 996 475 debere
1025 414 1157 473 Critolao
1181 414 1390 490 Peripatetico,
1425 416 1476 490 qui

197 504 383 574 Quintiliano
399 506 479 562 teste
496 502 667 581 (11,1v,15)
685 507 791 563 contra
806 505 985 563 rhetoricam
1002 505 1133 580 scripsit.
1168 503 1235 562 Huc
1251 505 1376 572 accedit,
1395 505 1477 581 quod

196 593 265 651 aliis
297 587 418 668 qnoque
442 593 518 652 locis
541 590 750 651 Philodamum
774 611 812 652 ex
835 592 967 652 Critolao
991 594 1135 651 hausisse
1158 594 1327 667 nuperrime
1352 594 1476 672 demon-

196 683 307 741 stravit
331 684 361 740 0.
382 684 613 756 Angermannus
636 684 667 742 in
692 683 916 751 dissertatione,
942 701 1020 758 quae
1043 683 1218 740 inscribitur
1241 683 1288 758 tde
1311 682 1475 740 Aristotele

195 773 349 830 rhetorum
380 770 514 830 auctore’
547 771 637 848 (Lips.
664 770 759 848 1904)
790 789 818 846 p.
835 773 930 849 dsqq.
955 775 986 829 et
1009 772 1105 846 30sq.
1151 771 1217 828 Hoc
1248 773 1276 829 si
1300 772 1474 847 accipimus,

196 877 340 935 apparere
371 860 481 932 iudico,
514 878 576 936 qua
603 861 640 918 de
664 877 760 918 cauea
782 861 972 919 Athenaeum
1005 861 1212 935 appellaverit.
1258 859 1374 918 FloruIt
1397 861 1476 918 enim

196 950 301 1008 eadem
325 953 427 1007 aetate
450 953 543 1025 atque
560 949 712 1008 Critolaus
729 952 760 1007 et
774 948 1013 1026 Hermagoras²l
1053 951 1147 1020 Quam
1173 950 1211 1008 ob
1235 967 1297 1007 rem
1313 951 1409 1007 verba
1422 949 1476 1006 illa

194 1035 356 1118 τραγῳδίᾳ
370 1035 424 1098 καὶ
439 1035 600 1116 κωμῳδίᾳ
615 1035 669 1098 καὶ
683 1037 808 1118 μείμσις
823 1039 956 1097 fortasse
971 1040 1041 1114 ipsa
1058 1056 1180 1114 quoque
1197 1041 1271 1096 sunt
1282 1039 1476 1097 attribuenda

195 1128 320 1187 saeculo
345 1146 372 1186 a.
386 1127 451 1186 Chr.
468 1145 496 1185 n.
512 1127 608 1185 alteri.
639 1127 770 1186 ExsistIt
792 1147 867 1186 sane
890 1128 972 1203 apud
996 1128 1130 1186 Graecos
1154 1129 1340 1186 dramaticus
1365 1128 1474 1186 mimus

174 1235 176 1240 ·
194 1217 284 1275 tertio
308 1235 336 1275 a
349 1216 414 1274 Ohr.
431 1234 458 1274 n.
476 1216 599 1275 saeculo
616 1214 779 1293 exeunte.²t
811 1218 867 1276 Sed
887 1221 1001 1275 certum
1025 1221 1081 1284 est,
1106 1218 1135 1274 id
1153 1216 1235 1292 quod
1259 1235 1296 1275 ex
1312 1217 1382 1275 aliis
1398 1217 1475 1274 loeis

193 1306 329 1380 intellegi
352 1308 464 1381 potest,
490 1306 585 1380 primo
609 1324 637 1363 a.
654 1306 719 1364 Ohr.
735 1324 763 1363 n.
781 1307 905 1364 saeculo
930 1306 1052 1364 mimum
1076 1307 1143 1381 pari
1156 1307 1254 1364 fuisse
1270 1306 1365 1380 gradu
1382 1308 1475 1381 atque

195 1395 381 1453 comoediam
394 1397 424 1452 et
435 1395 632 1468 tragoediam.
661 1395 776 1454 Summi
788 1397 890 1454 autem
902 1396 1046 1454 momenti
1058 1396 1137 1454 hanc
1150 1413 1218 1453 esse
1231 1396 1475 1454 observationem

194 1484 233 1542 ad
257 1485 339 1542 mimi
364 1483 523 1541 dramatici
545 1481 707 1545 historiam
730 1484 976 1558 investigandam
998 1485 1076 1542 inter
1100 1502 1204 1543 onmes
1229 1487 1360 1543 constat.

301 1573 370 1630 Alio
395 1589 515 1648 quoque
530 1573 697 1631 Philodami
720 1573 788 1631 loco
812 1574 969 1632 comoedia
992 1592 1055 1630 una
1078 1592 1146 1631 cum
1169 1574 1268 1632 mimis
1292 1574 1474 1631 nominatur.

194 1663 347 1736 Scriptum
370 1662 449 1720 enim
464 1662 592 1736 legimus
615 1662 705 1720 vol.I
729 1682 756 1738 p.
774 1662 838 1721 340
863 1663 918 1721 col.
934 1663 1064 1731 XXXVI,
1077 1665 1109 1721 7:
1133 1661 1251 1722 κάκεῖν’
1269 1659 1345 1722 οὐδὲ
1361 1651 1475 1740 σοφῶν

193 1747 387 1830 ἀλλο[τρίων]
413 1748 473 1830 οὐχ
497 1748 517 1810 ὅ
523 1747 568 1829 [τι]
593 1749 747 1829 νεώτερον
771 1748 940 1830 [ἡλγήσεται
963 1748 1028 1830 κα[ἱ
1051 1748 1173 1830 π]ολλῴ
1202 1749 1323 1829 μᾶλλον
1354 1752 1373 1831 ἢ
1407 1772 1473 1812 κω-

195 1836 342 1919 [μῳδλίας
365 1840 384 1919 ἢ
409 1836 463 1900 καί
484 1838 604 1918 μίμους
627 1836 725 1920 οῖμ[αι
743 1887 749 1900 .
767 1887 773 1900 .
791 1887 798 1899 .
815 1836 842 1919 ..l
880 1841 984 1916 Neque
1007 1859 1080 1900 vero
1105 1841 1268 1916 quicquam
1291 1842 1328 1897 de
1357 1858 1474 1899 conexu

194 1929 414 1987 sententiarum
437 1930 495 1987 hoc
518 1929 586 1987 loco
611 1932 741 1988 constat.
776 1930 840 1988 Iam
864 1931 904 1988 ad
927 1931 1020 1987 alium
1044 1933 1199 1988 auctorem
1216 1931 1364 1988 Graecum
1388 1929 1475 2004 primi

193 2037 221 2076 a.
238 2018 304 2076 Chr.
321 2036 349 2078 n.
373 2017 490 2076 saeculi
511 2022 714 2077 transeamus
753 2019 903 2093 Scriptum
928 2021 1006 2077 enim
1022 2019 1149 2094 legimus
1166 2021 1247 2095 apud
1263 2019 1474 2094 Asclepiadem

193 2102 416 2189 Myrleanum⁸)
446 2108 477 2164 in
506 2108 592 2165 Sexti
614 2108 697 2182 Emp.
721 2108 789 2166 adv.
812 2125 935 2182 gramm.
958 2109 1009 2171 lib.
1033 2105 1134 2188 §252
1159 2127 1187 2183 p.
1205 2108 1393 2176 655‚2513.:
1421 2112 1475 2186 τῆς

193 2192 255 2275 γὰρ
278 2194 414 2274 ἱστορίας
435 2193 492 2275 τὴν
514 2195 574 2275 μέν
595 2217 662 2257 τινα
686 2194 794 2277 ἀληθῆ
816 2193 895 2256 εἷναί
915 2218 993 2276 φησι
1023 2194 1080 2276 τὴν
1103 2194 1138 2257 δὲ
1160 2195 1268 2276 ψευδῆ
1290 2194 1347 2276 τὴν
1370 2193 1404 2256 δὲ
1428 2195 1474 2263 ὡς

192 2282 310 2365 ἀληθῆ,
341 2284 395 2345 καὶ
425 2283 533 2365 ἀληθῆ
562 2283 622 2366 μὲν
652 2283 708 2366 τὴν
731 2286 917 2365 πρακτικήν,
944 2283 1051 2366 ψευδῆ
1075 2283 1109 2346 δὲ
1132 2283 1188 2366 τὴν
1211 2283 1283 2365 περὶ
1306 2283 1473 2364 πλάσματα

192 2371 246 2433 καί
267 2371 405 2452 μάδους,
438 2372 484 2442 ὡς
508 2372 615 2454 ἀληθῆ
646 2372 681 2435 δὲ
713 2374 763 2435 οία
795 2373 874 2436 ἐστὶν
898 2373 917 2454 ἡ
941 2373 1145 2455 κωμῳδία
1177 2373 1245 2435 καὶ
1276 2374 1314 2434 οἱ
1343 2378 1472 2454 μῖμοί.

194 2463 259 2521 Ηοο
282 2464 376 2536 igliur
398 2464 466 2522 Ioco
490 2465 613 2521 mimum
645 2483 708 2522 una
732 2482 800 2522 cum
824 2465 982 2523 comoedia
1014 2465 1164 2522 nominari
1191 2466 1338 2523 videmus
1383 2464 1473 2539 Apud

193 2552 319 2610 Sextum
342 2553 425 2628 Emp.
450 2553 681 2611 autentas
706 2552 807 2634 §263
832 2573 860 2628 p.
874 2554 1000 2623 658,21
1034 2553 1109 2611 haec
1140 2555 1349 2612 inveniuntur:
1380 2549 1474 2631 Πρὸς

191 2638 313 2707 τούτοις
335 2639 401 2701 ε’πεί
423 2645 487 2702 τῶν
510 2641 746 2721 ἱστορουμένων
769 2639 805 2702 τὸ
828 2642 888 2721 μέν
912 2641 991 2703 ἐστιν
1015 2641 1142 2721 ἱστορία,
1172 2639 1208 2702 τὸ
1233 2640 1267 2703 δὲ
1290 2639 1408 2721 μῦθος,
1437 2638 1472 2701 τὸ

193 2727 228 2790 δὲ
243 2727 383 2810 πλάσμα,
407 2725 455 2792 ὥν
471 2730 490 2811 ἡ
506 2729 566 2810 μὲν
590 2730 707 2811 ἱστορία
732 2729 867 2810 ἀληθῶν
889 2734 984 2791 τινῶν
999 2729 1061 2792 ἐστί
1075 2729 1130 2791 καὶ
1145 2729 1323 2810 γεγονότων
1339 2728 1472 2800 ἔκδυσις,

192 2817 240 2886 ὡς
262 2817 308 2879 ὅτι
327 2817 532 2899 Ἀλέξανδρος
556 2818 589 2880 ἐν
612 2817 785 2899 Βαβυλῶνι
809 2818 848 2880 δι’
865 2818 1044 2899 ἐπιβούλων
1060 2817 1302 2900 φαρμακευθεὶς
1325 2817 1472 2890 ἐτελεύτα,

191 2906 322 2988 πλάσμα
342 2906 377 2969 δὲ
399 2908 598 2989 πραγμάτων
612 2907 658 2988 μὴ
677 2908 867 2989 γενομένων,
891 2907 945 2976 ὡς
968 2909 1009 2970 αἱ
1031 2908 1219 2989 κωμικοὶ
1243 2907 1474 2974 ὑποθέσεις

191 2995 261 3058 καὶ
284 2997 322 3058 οἱ
343 3001 481 3078 μῖμοι,
513 2995 622 3077 μῦθος
645 2996 679 3058 δὲ
701 2997 900 3078 πραγμάτων
924 2998 1086 3078 ἀγενήτων
1114 2996 1167 3059 καὶ
1190 2996 1324 3077 ψευδῶν
1347 2996 1473 3064 &adeon
1583 3075 1584 3080 η

192 3084 255 3147 κτλ.
302 3088 385 3157 Quae
408 3088 581 3162 tripartitio,
608 3106 792 3163 quamquam
817 3089 938 3163 siugula
961 3090 1035 3146 artis
1051 3088 1205 3147 vocabula
1225 3106 1287 3147 non
1303 3088 1474 3162 congruunt
1583 3103 1584 3110 ¹

193 3193 260 3234 cum
292 3177 346 3244 eis,
380 3193 459 3250 quae
482 3177 501 3233 l.
518 3195 542 3234 ε.
560 3195 584 3234 e.
615 3177 697 3251 apud
721 3177 932 3252 Asclepiadem
960 3179 1141 3244 invenimus,
1174 3179 1265 3235 rebus
1293 3179 1396 3234 tamen
1424 3194 1472 3233 re·

193 3266 325 3339 spondet
347 3265 429 3323 illius
454 3266 616 3323 doctrinae.

299 3355 357 3412 Sed
374 3355 542 3422 videamus
569 3355 690 3430 quando
715 3356 796 3430 apud
812 3356 968 3414 Romanos
985 3357 1066 3413 mimi
1081 3355 1275 3413 innotuerint.
1310 3351 1471 3431 Primum4)

192 3446 294 3500 autem
318 3443 481 3517 vestigium
503 3444 658 3501 invenitur
680 3445 710 3502 in
733 3445 833 3519 lapide
849 3446 995 3502 Amiterni
1018 3446 1151 3503 invente.
1194 3444 1315 3502 Titulus
1339 3444 1418 3501 enim
1441 3444 1472 3501 in

191 3532 274 3589 mimi
298 3531 438 3607 sepulcro
461 3533 627 3607 inscriptus
650 3534 693 3591 ibi
715 3535 854 3602 traditur,
880 3534 961 3610 quod
986 3551 1105 3592 carmen
1121 3533 1295 3591 Buecheleri
1320 3534 1472 3590 sententia
1582 3609 1583 3612 Ἴ

192 3637 281 3678 carm.
297 3621 362 3679 Lat.
380 3621 471 3696 epigr.
488 3621 542 3679 No.
560 3622 620 3680 361
641 3641 668 3698 p.
689 3622 759 3681 170.
782 3624 921 3681 Enniana
937 3626 1038 3681 aetate
1054 3640 1115 3680 non
1132 3623 1227 3680 multo
1245 3627 1291 3679 est
1308 3622 1470 3696 posterius

192 3710 346 3768 Floruisse
370 3713 472 3768 autem
503 3711 624 3768 mimum
657 3712 738 3787 apud
762 3712 918 3771 Romanos
943 3713 1037 3788 primo
1070 3730 1096 3770 a.
1122 3711 1186 3770 Chr.
1211 3730 1239 3770 n.
1267 3710 1392 3769 saeculo
1424 3713 1472 3768 est

191 3800 394 3859 notissimum.
440 3799 547 3875 Itaque
578 3800 660 3858 illius
693 3802 805 3858 aetatis
837 3801 1001 3875 scriptores
1030 3801 1137 3858 mimos
1169 3817 1332 3875 eorumque
1362 3802 1471 3874 poetas

193 3890 318 3963 saepius
335 3892 580 3947 commemorant.
611 3889 714 3947 Veluti
730 3890 833 3947 Cicero
850 3891 923 3947 dicit
937 3891 969 3948 in
986 3891 1073 3964 epist.
1091 3890 1129 3947 ad
1145 3890 1216 3948 fam.
1233 3889 1283 3947 lib.
1299 3888 1362 3958 XII,
1377 3889 1426 3957 IS,
1438 3888 1469 3944 2:

299 4099 318 4162 1)
337 4096 373 4151 ci.
392 4097 552 4151 Thieleum:
571 4096 759 4167 Hermagoras
778 4115 805 4222 q>
821 4098 872 4151 182
881 4113 942 4170 sqq.

299 4169 317 4234 ²)
337 4167 372 4223 ci.
390 4168 602 4237 Watzingerum
627 4169 657 4221 in
680 4168 779 4238 ‘Mittei
791 4184 885 4236 ungen
904 4170 953 4223 des
972 4169 1095 4224 archael.
1114 4169 1253 4233 Instituta
1272 4167 1376 4222 Athen.
1396 4164 1471 4222 abt?

190 4240 246 4322 v⁰¹:
258 4239 347 4322 XXVI
367 4239 601 4311 tlthllp.1sqq‚
621 4243 651 4294 et
670 4239 796 4294 Crusium
815 4240 844 4294 in
863 4243 1013 4295 comment.
1033 4242 1061 4295 ln
1080 4240 1216 4294 honorem
1229 4239 1387 4309 Comperzii
1405 4254 1470 4293 cou-

190 4310 671 4466 „cumqlcssflqopqffiggflqmm2
692 4382 727 4435 de
746 4382 914 4453 Asclepiade
933 4383 1078 4466 Mpsrleauo
1097 4399 1124 4452 p.
1139 4381 1181 4436 10.
1339 4453 1344 4466 Ι

190 4525 270 4580 locus
289 4454 580 4580 gsltqqqtqnqqqqorum
598 4471 625 4524 p·
638 4453 753 4519 326'31‘
784 4453 907 4509 Muefflr'
926 4458 1063 4508 mmmm
1090 4469 1147 4506 ⁰⁰¹¹
1172 4452 1273 4517 h³b0⁰¹
1299 4469 1366 4524 (1¹1¹st
1390 4454 1471 4508 101115
