3190 4944
750 259 970 317 ..ss6..

220 435 406 518 ὁμώνυμον,
430 436 482 504 εἰς
505 435 585 517 εἴδη
611 434 882 515 διαιρούμενον
905 434 1069 497 πλείονα.
1115 438 1216 513 Atque
1240 438 1331 496 etiarn
1354 437 1507 495 nonnulla

220 529 379 603 poetarum
402 544 512 601 genera
535 525 704 594 enumerat,
738 545 817 602 quae
849 527 952 584 ordine
976 530 1006 584 et
1028 544 1153 586 numero
1184 545 1246 585 non
1277 544 1403 601 prorsus
1436 544 1506 584 cum

221 617 350 674 Tnetnae
374 615 475 674 verbis
499 616 702 674 consentiunt.
750 616 808 673 Sed
832 616 907 673 haec
937 618 1011 674 sunt
1033 616 1158 674 minoris
1182 616 1333 673 momenti.
1380 615 1507 674 Poterat

219 705 297 763 enim
321 705 462 763 Lascaris
487 723 543 763 suo
568 705 691 764 arbitrio
716 704 840 780 singula
861 722 972 779 genera
996 704 1112 763 afferre.
1120 699 1145 787 ¹)
1179 706 1281 779 Atque
1297 704 1398 771 incia,
1426 722 1505 780 quae

220 796 372 861 secuntur,
398 794 553 853 nonnullis
576 793 652 851 locis
677 794 829 852 consentit
853 811 921 851 cum
945 793 1069 852 scholiis
1094 795 1133 852 ad
1157 794 1339 868 Dionysium
1359 793 1505 851 Thracem

220 883 409 958 conscriptis.
455 883 556 940 Veluti
583 883 667 957 apud
689 883 850 940 Lascarem
881 883 1025 957 scriptum
1056 882 1198 957 legimus:
1235 878 1311 949 Πᾶς
1342 879 1377 942 δὲ
1408 879 1427 942 ό
1458 879 1503 960 μὴ

218 969 387 1051 χρώμενος
410 969 530 1038 τούτοις
554 969 614 1032 οὐκ
638 969 699 1032 έστι
714 969 846 1051 ποιητής
870 974 901 1030 et
925 973 956 1029 in
984 972 1109 1030 scholiis
1125 971 1250 1030 Londin.
1268 972 1306 1029 ad
1323 971 1504 1046 Dionysium

218 1062 365 1120 Thracem
388 1079 416 1136 p.
432 1059 508 1128 449,
535 1060 554 1118 5
578 1060 626 1119 Η.;
657 1058 712 1119 καὶ
742 1063 805 1120 πᾶν
835 1059 959 1140 ποίημα
986 1058 1038 1139 μὴ,
1056 1059 1188 1140 μετέχον
1211 1057 1333 1121 τούτων
1356 1058 1419 1120 οὐκ
1443 1059 1504 1120 ἔστι

218 1148 351 1230 ποίημα,
376 1148 405 1209 εἰ
425 1145 479 1210 καλ
500 1147 609 1228 μέτρῳ
632 1147 790 1229 κέχρηται.
837 1149 949 1208 Eodem
973 1154 1075 1208 autem
1104 1150 1177 1208 mihi
1199 1150 1340 1207 videntur
1364 1152 1504 1224 spectare

219 1240 295 1297 haec
319 1239 448 1297 Tuetnae
471 1240 566 1297 verba
580 1239 599 1296 l.
616 1257 640 1297 s.
658 1257 682 1296 s.
703 1257 730 1314 p.
749 1239 826 1297 250:
850 1232 898 1299 ὧν
922 1235 1021 1317 χωρὶς
1045 1235 1189 1300 ἕποποιοὶ
1212 1235 1363 1316 λέγονται.
1410 1239 1504 1296 Prac-

218 1331 303 1386 terea
337 1328 458 1386 minime
496 1330 544 1385 est
577 1329 795 1402 neglegendum
832 1328 1070 1403 proprietatibus
1105 1331 1264 1402 poetarum
1294 1327 1504 1402 perfectorum

219 1417 404 1476 enumeratis
428 1416 510 1491 apud
533 1416 694 1474 Lascarem
717 1417 836 1475 dicendi
858 1434 970 1490 genera
992 1417 1127 1475 tractari.
1155 1417 1289 1475 Eandem
1312 1417 1374 1475 iere
1399 1417 1504 1492 dispo-

219 1506 361 1565 sitionem
385 1507 531 1580 praebent
554 1505 672 1564 scholia
695 1506 786 1564 hond.
810 1506 827 1564 l.
845 1524 869 1563 s.
887 1524 911 1564 s
934 1524 963 1581 p.
979 1506 1043 1564 449
1060 1506 1138 1581 Hilg.
1185 1505 1244 1564 Sed
1268 1522 1329 1581 quo
1353 1523 1392 1564 ex
1419 1506 1503 1563 fonte

218 1594 360 1654 irascaris
385 1612 450 1651 eam
474 1597 626 1652 tractatus
649 1598 774 1670 partem,
801 1611 881 1670 quae
904 1597 953 1653 est
969 1595 1004 1652 de
1028 1594 1146 1652 dicendi
1161 1595 1331 1670 generibus,
1357 1595 1501 1661 hauserit,

218 1685 299 1742 inira
322 1683 606 1741 demonstrabimus.
652 1684 736 1755 Quae
765 1701 833 1741 cum
863 1684 908 1740 ita
940 1683 1008 1752 sint,
1043 1684 1181 1758 equidem
1211 1682 1312 1742 iudico
1343 1683 1504 1742 hascerem

219 1790 281 1830 non
305 1771 405 1830 solum
429 1789 466 1828 ex
490 1773 618 1830 Tzetzae
643 1772 773 1848 scriptis,
805 1790 910 1830 verum
934 1773 1026 1830 etiam
1050 1791 1087 1830 ex
1110 1773 1179 1830 aliis
1202 1773 1341 1831 lontibus
1365 1771 1502 1847 pendere.

218 1862 326 1936 Itaque
349 1860 513 1919 verisimile
537 1863 586 1919 est
608 1862 688 1919 hunc
712 1863 877 1919 tractatum
901 1861 992 1918 simili
1007 1862 1124 1920 ratione
1141 1880 1210 1919 esse
1226 1862 1395 1920 conflatum
1411 1864 1503 1936 atque

220 1949 385 2008 Andronici
407 1951 563 2024 personati
587 1949 867 2009 commentariolum
889 1946 961 2029 περὶ
983 1948 1104 2020 τάξεως
1126 1953 1276 2030 ποιητῶν.
1285 1946 1309 2031 ²)

328 2039 444 2108 Quibus
468 2039 617 2113 expositis
647 2039 686 2097 ad
710 2040 882 2098 anecdotou
904 2039 1032 2097 Estense
1056 2038 1223 2097 redeamus.
1270 2039 1304 2096 ln
1326 2038 1502 2096 universum

220 2129 322 2186 autem
354 2128 411 2185 hoc
443 2130 490 2186 est
522 2127 815 2186 commemorandum
845 2129 875 2185 in
907 2130 1043 2186 tractatu
1074 2129 1126 2186 illo
1159 2127 1345 2204 excerptoris
1372 2128 1503 2201 vestigia

220 2217 331 2292 ubique
359 2217 496 2285 inveniri,
530 2217 561 2274 id
585 2217 667 2292 quod
699 2235 793 2292 supra
816 2216 1101 2275 demonstravimus.
1149 2217 1208 2275 Sed
1233 2217 1398 2292 quaeritur,
1425 2233 1503 2291 quae

219 2306 298 2364 ratio
322 2306 400 2364 inter
422 2305 549 2364 Tuetzae
574 2307 690 2381 scripta
713 2309 744 2364 et
766 2305 938 2364 anecdoton
961 2307 1089 2364 listense
1112 2306 1288 2364 intercedat.
1328 2305 1395 2375 Qua
1419 2305 1451 2363 in
1473 2322 1503 2361 re

219 2395 278 2453 hoc
309 2395 376 2453 loco
408 2412 609 2454 commemoro
641 2413 709 2453 mea
732 2394 851 2470 quidem
876 2395 1029 2453 sententia
1053 2413 1130 2462 eum,
1156 2396 1208 2470 qui
1232 2393 1405 2453 anecdoton
1428 2393 1502 2452 illud

220 2484 410 2560 conscripsit.
435 2501 497 2542 non
520 2485 663 2542 hausisse
687 2502 725 2542 ex
741 2485 870 2542 Tzetzae
895 2484 1024 2560 scriptia,
1051 2485 1104 2542 sed
1121 2486 1284 2558 utrumque
1302 2501 1360 2541 suo
1377 2483 1501 2541 arbitrio

220 2591 258 2632 ex
281 2573 432 2630 oommrmi
455 2573 548 2630 fonte.
594 2573 672 2633 Nam
695 2573 849 2630 nonnullis
873 2573 949 2632 locis
973 2574 1018 2631 ita
1041 2574 1119 2631 inter
1142 2591 1175 2631 se
1200 2573 1354 2640 differunt,
1380 2575 1417 2630 ut
1438 2572 1502 2629 fieri

219 2665 361 2738 nequeat,
399 2664 434 2718 ut
467 2662 542 2719 alter
573 2661 702 2720 alterum
734 2663 937 2737 exscripserit.
984 2662 1042 2719 Sed
1074 2662 1110 2719 de
1138 2662 1288 2720 eiusmodi
1311 2663 1403 2719 rebus
1427 2662 1503 2718 infra

221 2751 277 2808 erit
300 2751 424 2808 uberius
449 2750 607 2823 agendum.

327 2840 412 2910 Quod
436 2838 560 2896 Tzetzes
591 2839 712 2896 minime
743 2840 871 2897 eundem
904 2840 1039 2898 ordinem
1070 2843 1100 2898 et
1130 2857 1286 2897 numerum
1314 2839 1501 2912 singulorum

220 2944 363 3002 generum
386 2931 546 3002 poetarum
570 2929 704 3003 praebet,
730 2945 791 2986 non
815 2930 863 2985 est
885 2929 1086 3002 premendum.
1124 2928 1202 2986 Nam
1224 2929 1257 2986 in
1281 2927 1500 3002 prolegomenis

221 3017 260 3075 ad
283 3017 449 3074 Hesiodum
473 3017 539 3090 ipse
563 3017 637 3074 dicit
660 3035 687 3092 p.
715 3017 821 3085 12,13
846 3017 896 3076 G.:
920 3015 991 3095 περὶ
1012 3015 1073 3096 μὲν
1096 3021 1151 3096 τῆς
1173 3019 1238 3077 τῶν
1261 3018 1404 3095 ποιητῶν
1426 3013 1500 3077 διαι-

220 3104 349 3184 ρέσεως,
365 3103 419 3165 καὶ
434 3103 550 3184 πρῴην
564 3099 621 3184 μοι
633 3103 863 3183 ἐπεξείργασται
879 3103 996 3184 μικρὸν
1012 3103 1272 3184 συγγραμμάτιον
1289 3102 1501 3183 αὐτοσχεδίοις

220 3191 445 3272 συντιθέμενον
470 3192 605 3273 ἰάμβοις,
629 3191 683 3253 καὶ
698 3197 743 3272 τῷ
759 3192 829 3273 ἐμῷ
847 3191 881 3255 δὲ
897 3192 1030 3274 ἀδελφῷ
1045 3193 1256 3274 ἐκπεπόνηται
1271 3190 1340 3253 λίαν
1355 3190 1501 3254 κάλλιστα

220 3280 274 3342 καὶ
297 3280 517 3362 φιλοτιμότατα
540 3280 612 3360 περὶ
635 3280 747 3343 τούτου
773 3282 806 3343 ἐν
828 3288 866 3363 τῇ
889 3287 944 3344 τοῦ
969 3280 1185 3363 Λυκόφρονος
1208 3281 1372 3362 ἐξηγήσει·
1390 3280 1502 3362 ὅμως

220 3370 289 3432 καλ
319 3369 441 3431 πάλιν
470 3368 515 3430 τὰ
546 3370 801 3450 καιριώτερα
833 3371 992 3433 τούτων
1023 3371 1301 3452 ἀναληπτέον,
1333 3368 1403 3431 καὶ
1436 3367 1501 3431 διὰ

220 3459 415 3541 βραχέων
445 3457 613 3520 λεκτέον
643 3481 723 3538 μοι.
770 3462 836 3532 Qua
864 3463 900 3519 de
925 3480 1021 3520 causa
1044 3463 1164 3520 minime
1188 3462 1287 3529 miror,
1313 3462 1403 3536 quod.
1421 3460 1501 3535 apud

221 3548 394 3626 Tnetnam3)
427 3550 470 3607 cis
501 3550 609 3624 poetis
645 3568 723 3625 quos
756 3551 838 3609 hisce
866 3551 1054 3626 temporibus
1077 3551 1190 3626 lyricos
1213 3566 1370 3618 vocamus,
1397 3549 1501 3608 inserti
1573 3577 1574 3584 .

220 3641 294 3697 sunt
324 3639 439 3712 tragici.
466 3638 580 3705 comici,
606 3639 740 3714 satyrici.
787 3638 846 3697 Sed
870 3640 1021 3699 meliorem
1045 3640 1278 3714 dispositionem
1301 3639 1442 3714 sequitur
1464 3639 1498 3704 is,

221 3729 274 3803 qui
298 3728 469 3786 anecdoton
491 3727 619 3785 Estense
646 3729 838 3804 compilavit;
863 3746 933 3786 nam
958 3732 1030 3803 post
1052 3731 1161 3804 poetas
1184 3728 1296 3802 lyricas
1321 3727 1357 3784 de
1381 3726 1499 3785 drama-

221 3816 290 3875 ticis
315 3817 415 3891 poetis
439 3816 584 3874 iudicium
607 3817 728 3892 profert.

327 3906 390 3963 Iam
414 3906 451 3962 ad
477 3906 598 3978 singula
620 3923 750 3980 poeseos
774 3924 885 3980 genera
908 3911 1109 3964 transeamus
1154 3906 1253 3963 Primo
1278 3905 1356 3962 enim
1380 3904 1449 3962 loco
1473 3906 1500 3961 in

221 3995 371 4052 anecdoto
403 4000 674 4052 commemorantur
708 3993 740 4055 οἱ
770 3994 838 4054 κατ’
870 3992 986 4074 ἐξοχὴν
1020 3992 1184 4073 λεγόμενοι
1213 3991 1346 4073 ποιηταί,
1375 4011 1500 4068 quorum

222 4087 368 4158 quattuor
391 4083 592 4159 proprietates
617 4084 661 4141 eis
685 4085 877 4157 respondent,
897 4102 975 4159 quae
992 4085 1023 4141 in
1039 4084 1164 4142 scholiis
1180 4083 1303 4140 Londin.
1321 4083 1360 4139 ad
1376 4083 1499 4157 Dionys

221 4173 326 4230 Thrac.
350 4191 378 4248 p.
403 4173 468 4230 449
492 4173 526 4229 Η.
551 4173 759 4231 attribuuntur
783 4173 904 4231 omnino
929 4174 1040 4247 poetis
1081 4173 1154 4231 Cum
1177 4173 1268 4246 igitur
1291 4174 1403 4247 poetae
1427 4171 1500 4246 epici

329 4326 347 4395 ¹)
367 4326 397 4379 ln
418 4325 514 4380 codice
533 4326 659 4392 Tenum,
683 4326 730 4397 qui
753 4325 883 4381 irascaris
907 4328 1035 4382 continet
1052 4330 1222 4391 tractatum.
1247 4326 1384 4398 scriptum
1409 4325 1500 4382 exstat

222 4393 397 4500 διθύριγηβον.
436 4396 492 4452 Sed
506 4413 647 4480 'apparere
666 4413 767 4452 censeo
786 4397 841 4453 hoc
861 4414 923 4453 esse
941 4399 1108 4454 mutandum
1126 4399 1155 4452 in
1174 4395 1378 4467 διθυραμβμόν.

329 4477 348 4604 l
368 4468 405 4595 t:
423 4468 670 4595 hillini-rr:
684 4468 831 4610 iiiia.
