3190 4944
758 253 889 311 ..62
937 287 983 301 -,

229 463 273 476 --
296 430 342 493 ότι
364 428 557 512 βουκόλοςβ)
587 428 665 491 ὅθεν
688 428 742 491 καί
764 428 948 510 βουκολικά,
971 428 1090 509 λέγεται
1099 427 1121 506 2)
1153 427 1259 489 ότῶν
1281 427 1372 508 βοῶν
1394 425 1511 508 νομεὺς

230 520 277 590 ώς
305 520 365 600 μέν
394 542 485 590 τινες,
517 516 662 598 κακῶςῆ
695 516 732 580 τδ
763 518 878 599 ἔτυμον
908 516 1062 598 λέγοντες,
1097 515 1185 597 παρὰ
1215 515 1250 578 τὸ
1280 517 1361 598 βοῦς
1390 516 1445 578 καὶ
1475 514 1510 578 τὸ

229 607 365 686 κανεῖνέ)
396 606 431 670 τδ
463 608 598 689 ένεργεῖν
611 667 614 674 A
627 605 682 669 καὶ
711 605 883 688 διατρίβειν.
928 612 1019 669 κονεῖ
1045 604 1106 687 γὰρ
1129 606 1149 687 ἢ
1174 605 1294 686 ἐνεργεῖ
1312 628 1340 666 τι
1362 604 1434 685 περί
1457 604 1511 674 τὰς

229 698 309 780 βοῦς
331 698 349 759 ὁ
372 695 539 778 βουκόλος.
558 696 618 765 ,ὡς
642 695 778 775 δ’,έτεροι
800 695 928 758 κάλλιον
950 693 1038 775 παρὰ
1060 694 1096 757 τὸ
1119 693 1267 757 κέλεσθσι
1289 695 1391 776 ἤγουν
1413 717 1509 774 προς-

229 786 351 849 τάσσειν
373 790 437 854 τοῖς
459 784 571 866 βουσὶν
594 787 614 866 ἢ
634 783 674 846 ’τδ
697 784 844 863 κέλλεινῦ)
868 785 917 866 ἢθ)
940 785 1060 866 τρέχειν
1075 782 1133 846 σὺν
1147 788 1212 852 τοῖς
1231 782 1333 865 βουσί,
1356 783 1511 865 βοῦκελος

229 875 282 938 καί
309 874 475 956 βουκόλος.
521 873 700 956 βραχύτερά
727 897 759 936 τε
782 872 843 954 γὰρ
865 872 903 935 τὰ
927 873 1068 955 ὀνόματα
1090 876 1156 936 τῶν
1179 872 1335 954 ῥημάτων
1358 872 1510 953 γίγνονται

229 963 276 1034 ὡς
299 963 349 1027 ἐπί
371 962 407 1026 τὸ
429 963 580 1040 πλεῖστον,
604 962 662 1044 ἀφ’
691 959 738 1025 ὧν
761 963 941 1044 παράγεται,
964 961 1018 1025 καὶ
1042 961 1092 1025 διὰ
1116 966 1208 1025 τοῦτο
1230 961 1368 1041 θάτερον
1390 966 1455 1024 τῶν
1477 961 1510 1024 λλ

229 1053 376 1134 ἀπέβαλε,
407 1052 461 1114 καὶ
492 1051 559 1133 ἅμα
589 1050 626 1113 τὰ
658 1051 770 1133 ἔχοντα
800 1049 836 1114 τὸ
859 1075 874 1114 ε
897 1051 1077 1132 ἐγκείμενον
1100 1050 1133 1113 έν
1156 1056 1221 1120 τοῖς
1243 1050 1382 1132 ῥήμασιν
1405 1051 1510 1132 έχουσι

228 1141 264 1205 τὸ
288 1142 629 1222 οάιτιπαρακείμενυν
653 1140 686 1203 έν
708 1146 773 1210 τοῖς
802 1139 964 1223 ὀνόμασιν.
1013 1139 1058 1202 ότι
1090 1139 1125 1203 δὲ
1147 1139 1201 1202 καί
1223 1138 1325 1203 κέλλω
1349 1138 1384 1202 τὸ
1408 1139 1509 1221 τρέχω

228 1231 356 1313 λέγεται,
387 1231 408 1293 ό
436 1239 469 1293 τε
498 1229 622 1312 κέληςῖ)
653 1229 672 1291 ὃ
704 1229 858 1312 δρομαῖος
886 1228 998 1300 ἱππεὺς
1022 1228 1116 1311 δηλοῖ
1134 1229 1189 1291 καὶ
1210 1226 1246 1291 τὸ
1269 1227 1415 1310 υωχελές,
1448 1227 1510 1290 ἀπὸ

228 1325 285 1384 τοῦ
318 1342 367 1382 νω
402 1325 583 1400 στερητικοῦ
617 1319 671 1381 καὶ
704 1325 759 1382 τοῦ
794 1318 926 1398 κέλλωῧ)
965 1319 1179 1400 συγκείμενον,
1215 1325 1316 1398 τροπῆ
1344 1322 1401 1380 τοῦ
1425 1341 1446 1379 κ
1470 1318 1511 1386 είς

229 1433 258 1492 χ.
304 1409 414 1491 ἄριστα
446 1407 481 1470 δὲ
511 1407 530 1471 ό
562 1407 703 1491 Δίδυμος
730 1409 854 1490 εἴρηκεν
878 1406 1020 1471 ἀπὸτοῦ
1043 1408 1124 1488 βοῦς
1146 1407 1279 1469 καὶτοῦ
1301 1406 1445 1488 κομέωθλ
1471 1431 1509 1462 Ν

230 1503 327 1579 κομῶ
361 1496 396 1559 τὸ
428 1496 635 1579 ε’πιμελοῦμαι
668 1497 878 1579 παράγεσθαι,
909 1496 1076 1579 βουκόμος
1109 1496 1163 1559 καὶ
1196 1494 1365 1577 βουκόλος,
1405 1495 1510 1574 ὥςπερ

230 1586 284 1650 καί
314 1585 504 1667 ἱπποκόμος.
551 1587 579 1649 εί
599 1586 643 1650 ’δέ
673 1586 727 1650 καὶ
754 1585 897 1649 ἀπὸτοῦ
921 1586 1028 1668 κορέω
1053 1610 1095 1642 ω
1119 1590 1210 1666 κορώ
1232 1584 1394 1664 παράξεις,
1419 1583 1511 1646 οὐδέν

231 1675 409 1744 ἀπεικότως
432 1675 512 1753 ἐρεῖς
534 1675 697 1757 βουκόρον
721 1674 892 1756 λέγωνκαὶ
914 1674 1083 1756 βουκόλον.
1118 1675 1152 1737 έν
1167 1673 1301 1754 ἑκατέρᾳ
1325 1672 1385 1754 γὰρ
1408 1695 1510 1753 πυρα-

231 1772 323 1847 γωγῇ
344 1762 543 1845 ἀμετάβολον
567 1765 610 1834 είς
634 1764 831 1846 ἀμετάβολον
853 1764 1003 1845 τρέπεται,
1027 1764 1088 1827 οῦκ
1112 1763 1281 1844 ἄπᾷδονῑυ)
1306 1762 1363 1824 ὄπ’

339 1856 367 1914 5.
399 1852 445 1914 ότι
474 1852 528 1915 καὶ
559 1853 742 1935 ἐπίγραμμα
765 1852 999 1934 Ἀρτεμιδώρου
1031 1857 1251 1935 γραμματικοῦ
1283 1851 1411 1933 φέρεται
1441 1849 1511 1913 τόδε

232 1942 282 2006 έπῖ
304 1949 343 2025 τῇ
363 1941 509 2024 ἀθροίσει
531 1947 596 2005 τῶν
618 1942 820 2024 βουκολικών
842 1942 1054 2024 ποιημάτων·

342 2029 573 2109 Βωκολυιαῖῌ)
595 2031 717 2095 Μοῖσαι
741 2031 943 2113 σποράδεςῑῖ)
966 2031 1061 2103 πόκα,
1085 2036 1142 2094 νῦν
1166 2030 1193 2094 δ’
1214 2030 1281 2112 ἅμα
1304 2034 1401 2092 πᾶσαι

489 2119 552 2183 ε’ντί
569 2125 649 2202 μιᾶς
670 2120 825 2203 μάνδρας,
849 2120 911 2183 ἐντὶ
932 2125 1007 2201 μιᾶς
1030 2118 1194 2201 άγέληςλθ)
1218 2155 1262 2164 -

233 2209 279 2272 ὅτι
302 2208 337 2271 ἐκ
360 2214 416 2298 τοῦ
439 2211 673 2291 προειρημένου
698 2209 936 2292 ἐπιγράμματος
950 2208 1187 2290 Ἀρτεμιδώρου
1210 2206 1388 2288 στοχάσαιτ’
1406 2207 1446 2269 ἄν
1461 2230 1511 2278 τις,

233 2295 313 2380 [ὅτι]
339 2297 550 2379 διεσπαρμένα
582 2299 657 2362 ὄντα
689 2298 727 2361 τὰ
761 2298 935 2380 βουκολικά
969 2297 1103 2360 είδόλλια
1137 2295 1293 2378 πρότερον
1328 2293 1425 2358 αῦτδν
1460 2294 1511 2357 τὸν

231 2386 463 2468 Ἀρτεμίδωρον
487 2388 619 2460 συνάξσι
641 2387 695 2450 καί
719 2387 803 2450 οὕτω
828 2387 991 2451 συνθεῖναί
1010 2410 1041 2448 τε
1064 2386 1117 2449 καί
1140 2385 1318 2457 κατατάξαι.
1354 2385 1372 2446 ὃ
1397 2383 1438 2467 δὴ
1461 2384 1512 2446 καὶ

227 2475 431 2558 Ἀρίσταρχον
465 2476 499 2538 ἒν
532 2481 596 2546 τοῖς
627 2474 773 2559 Ὀμήρου
808 2478 1014 2558 πεποιηκέναι
1048 2475 1173 2557 λέγεται.
1218 2473 1404 2555 προτέθεικε
1433 2472 1468 2536 δέ
1496 2473 1512 2534 ό

232 2564 386 2637 συντάξας
409 2564 488 2627 αῦτὰ
510 2564 546 2627 τὸ
569 2564 674 2645 παρὸν
697 2565 850 2628 εῖδόλλιον
873 2570 1002 2645 πρώτον
1019 2564 1070 2627 διὰ
1092 2563 1128 2628 τὸ
1151 2563 1351 2646 χαριέστερόν
1375 2586 1407 2625 τε
1431 2563 1511 2644 ὁμοῦ
1579 2625 1580 2632 χ

232 2653 286 2720 καὶ
307 2654 531 2735 τεχνικώτερον
554 2653 639 2728 εἶναι,
663 2654 821 2735 ἑπόμενος
842 2660 888 2735 τῷ
904 2652 1062 2735 Πινδάρῳ
1085 2653 1201 2716 εἰπόντι
1218 2654 1271 2731 (01.
1279 2654 1329 2723 VI,
1341 2653 1371 2730 3)
1384 2672 1391 2686 ·
1403 2650 1511 2733 Ἀρχο-

232 2743 332 2824 μένου
358 2742 390 2805 δ’
405 2743 500 2824 ἔργου
523 2743 702 2824 πρόσωπον
725 2742 787 2825 χρὴ
811 2743 944 2824 θέμεναι
958 2743 1118 2824 τηλαυγές.
1145 2741 1256 2804 ΙΚαίτοι
1273 2764 1316 2822 γε,
1340 2740 1418 2804 ὅσον
1434 2739 1511 2803 κατὰ

231 2830 288 2913 τὴν
303 2831 467 2904 ὑπόθεσιν,
491 2832 530 2894 οῦ
553 2837 689 2912 πρῶτον,
714 2831 791 2894 ἀλλὰ
814 2833 888 2912 περί
908 2855 972 2895 που
995 2831 1032 2894 τὰ
1047 2833 1129 2912 μέσα
1145 2831 1274 2913 τεθῆναι
1289 2830 1360 2892 ἔδει.
1390 2828 1512 2911 Δάφνιν

233 2920 303 3002 γὰρ,
327 2921 364 2989 ὃς
387 2920 525 2982 ἐνταῦθα
547 2921 716 3002 τεθνηκὼς
738 2920 964 3003 παρεισάγεται,
989 2922 1022 2983 ἒν
1041 2925 1105 2990 τοῖς
1128 2921 1201 3003 ἑξῆς
1224 2918 1386 2987 εῖδυλλίοις
1409 2919 1511 2991 ζῶντα

232 3009 419 3090 παρειςάγει.

341 3101 369 3159 6.
401 3098 446 3160 ὅτι
469 3099 574 3181 πάσης
596 3099 755 3181 ποιήσεως
777 3105 858 3181 τρεῖς
880 3099 1017 3181 ἐχούσης
1040 3105 1251 3181 χαρακτῆρας,
1276 3095 1511 3178 διηγηματικὸν,

234 3185 429 3269 δραματικὸν
444 3187 498 3250 καὶ
508 3187 621 3269 μυιτδν
635 3187 671 3251 τὸ
683 3187 877 3270 βουκολικὸν
890 3189 1013 3271 ποίημα
1029 3188 1131 3270 μῖγμό
1148 3185 1250 3265 ε’στιῑί)
1266 3184 1384 3254 παντὸς
1400 3185 1511 3256 εἴδους,

234 3275 341 3356 ὥςπερ
365 3277 624 3358 συγκεκραμένον
645 3284 685 3359 τῇ
706 3278 851 3358 ποικιλίᾳ.
891 3277 939 3340 διὸ
955 3277 1009 3340 καί
1024 3274 1225 3359 χαριέστερόν
1240 3276 1301 3338 έστι
1320 3281 1358 3356 τῇ
1377 3274 1512 3353 ποικιλίᾳ

233 3370 288 3446 τῆς
310 3365 467 3445 κράσεως.
513 3365 588 3428 ποτὲ
610 3365 670 3447 μέν
694 3364 754 3446 γάρ
786 3366 1013 3448 διηγηματικόν
1037 3366 1107 3438 ἔστι,
1137 3364 1213 3428 ποτὲ
1244 3363 1279 3426 δὲ
1308 3363 1511 3444 δραματικόν,

342 3539 361 3606 ²)
379 3543 445 3611 post
462 3536 585 3610 βοιιιόλοι
604 3539 656 3595 del.
676 3536 712 3594 δέ.

239 3663 243 3669 .
341 3611 361 3678 ²)
380 3615 449 3666 anto
467 3607 570 3680 λέγεται
587 3611 693 3682 aliquid
713 3612 765 3666 del.
812 3616 827 3684 γ’

343 3683 361 3747 ⁸)
380 3682 409 3736 in
428 3683 567 3751 margine:
587 3681 652 3735 ὅθεν
670 3679 817 3752 βουκολικά.
837 3713 871 3723 -
890 3685 957 3754 post
974 3687 1060 3739 κακῶς
1078 3682 1183 3753 a-liquid
1202 3681 1256 3739 del.

341 3753 361 3893 χ
379 3752 465 3806 πονεῖν
483 3754 599 3880 ορξτοκί,
618 3753 784 3880 q‘ovfiivbcod.
804 3753 959 3877 (είετκέηίλω
977 3754 1069 3838 ῥοηεῖ).
1131 3825 1167 3880 αϊ
1227 3824 1245 3878 d
1339 3822 1357 3877 d
1439 3822 1455 3877 l·
1475 3820 1512 3875 ari

380 3841 466 3895 supra
489 3843 507 3880 a
531 3841 607 3880 eram
625 3842 659 3896 sy
680 3843 698 3880 a
718 3843 763 3880 am
787 3842 865 3882 νοοιε
882 3844 898 3877 ιι
944 3844 982 3877 ειν
1000 3840 1112 3895 mgnum
1160 3841 1254 3895 1qu0‚
1282 3838 1338 3896 quo
1383 3838 1473 3892 exple

235 3911 292 3956 non
310 3900 416 3965 potest.

341 3967 353 4000 ⁰
379 3969 396 4032 ὴ
424 3967 463 4022 sic
491 3967 608 4022 incorr.

342 3966 361 4106 ῖλ
381 3967 553 4110 ἰαλαιότςίσσ
571 4035 681 4105 τεκίληι.

343 4111 362 4177 ⁸)
380 4106 455 4164 κέλω.

341 4182 361 4250 ⁹)
380 4184 474 4248 κομιῶ.

331 4253 362 4320 ¹⁰)
381 4248 485 4304 ἀπόδου
503 4251 561 4322 (sic)
582 4252 669 4308 habet
685 4271 708 4304 π
725 4252 754 4307 in
773 4269 841 4308 corr.

332 4324 363 4391 ¹1)
381 4319 531 4393 μουκολικαὶ
550 4323 713 4379 Ahrensius.

332 4395 362 4463 ¹⁹)
381 4398 448 4465 post
466 4389 594 4465 σποράδες
612 4395 666 4450 del.
684 4415 741 4448 πασ
757 4415 828 4448 ποκα
846 4401 938 4450 πᾶσαι.

332 4466 362 4535 ¹³)
381 4463 474 4535 ἀγέλας
492 4465 657 4522 Ahrensius.

332 4537 363 4606 ¹⁴)
380 4537 466 4607 μίγμα
485 4534 539 4590 ἐστὶ
559 4537 616 4606 (sic)
636 4555 705 4593 corr.
726 4553 760 4593 ex
778 4539 864 4607 μίγμα
883 4538 942 4604 ἔχει.
