3190 4944
641 233 863 290 .-81-

114 412 209 485 priore
234 415 318 486 parte
343 411 434 468 huius
459 408 724 487 dissertationis.¹)
772 411 830 468 Sed
861 411 891 468 in
923 411 1020 468 altera
1050 412 1202 487 particula
1226 413 1395 470 afferuntur

113 503 309 578 χαρακτῆρες
332 496 468 578 loyaut
494 501 530 557 de
555 500 666 576 quibus
691 517 770 557 nunc
794 518 894 574 pauca
917 501 1023 577 dicam,
1053 503 1231 575 praesertim
1255 519 1321 559 cum
1347 521 1393 569 ca,

114 607 191 664 quae
208 591 238 646 in
255 589 405 647 anecdoto
422 589 483 647 llst.
501 591 632 646 aetatem
648 589 792 658 tulerunt,
811 607 879 647 mea
899 590 1019 664 quidem
1041 591 1193 648 sententia
1210 590 1393 664 singularem

114 679 262 753 quendam
286 678 386 736 locum
411 678 576 736 obtineant.
622 678 699 735 Nam
722 679 820 735 tribus
844 679 927 736 hisce
952 679 1068 735 dicendi
1099 681 1259 753 generibus
1284 677 1393 759 άόρόν,

113 764 228 845 ἰσχνόν,
252 765 351 845 μέσον
371 767 553 825 enumeratis
579 768 700 824 additur
723 771 832 842 quarto
856 767 922 825 loco
943 767 1017 824 illud
1034 764 1180 846 ἀνθηρὸν
1195 765 1286 835 εἶδος,
1311 771 1393 844 quod

113 857 193 931 apud
217 855 296 914 alios
321 860 462 914 auctores
486 857 641 914 rarissime
664 858 823 914 invenitur.
870 856 942 914 Loci
959 859 1069 924 autem,
1095 858 1146 932 qui
1167 859 1225 914 huc
1243 861 1391 932 spectant,

113 963 209 1020 usque
234 946 272 1003 ad
297 946 377 1002 hunc
401 945 478 1002 diem
502 963 609 1020 parum
632 945 760 1003 feliciter
783 946 856 1003 mihi
878 946 1020 1003 videntur
1036 963 1104 1004 esse
1119 947 1252 1004 tractati.
1286 946 1393 1023 Itaque

113 1035 212 1092 denuo
237 1034 276 1091 ad
300 1053 365 1092 eam
391 1035 600 1109 quaestionem
625 1035 775 1092 accedam.
821 1034 925 1109 Neque
946 1053 1017 1092 vero
1034 1052 1142 1092 censeo
1159 1035 1216 1092 hac
1232 1037 1393 1094 occasione

112 1124 186 1180 data
209 1126 307 1181 totam
323 1126 458 1181 veterum
477 1124 514 1180 de
534 1124 651 1180 ratione
668 1124 786 1182 dicendi
803 1124 969 1182 doctrinam
986 1124 1057 1180 mihi
1075 1142 1143 1182 esse
1159 1125 1392 1192 retractandam,

112 1213 140 1268 id
174 1213 255 1287 quod
287 1213 360 1269 lecit
384 1213 555 1270 Schmidius
589 1213 619 1268 in
653 1214 750 1269 musei
774 1213 868 1270 Rhen.
900 1213 960 1272 vol.
985 1213 1026 1270 49
1052 1213 1160 1290 (1894)
1192 1231 1219 1288 p.
1240 1214 1301 1271 133
1327 1231 1393 1289 sqq.

113 1302 265 1371 Quattuor
301 1302 379 1358 enim
414 1305 624 1380 χαρακτῆρες,
661 1302 712 1377 qui
747 1302 778 1358 in
813 1303 962 1359 anecdoto
997 1303 1201 1382 inveniuntur,
1237 1306 1395 1377 praeterea

114 1391 285 1447 afferuntur
307 1391 339 1447 in
363 1391 518 1449 Plutarchi
542 1391 698 1464 personati
714 1390 816 1448 libello
833 1391 869 1448 de
885 1392 951 1448 vita
976 1394 1006 1449 et
1021 1393 1106 1465 poesi
1122 1391 1243 1450 Homeri
1260 1392 1295 1468 ΙΙἸ
1311 1411 1334 1450 c.
1353 1393 1392 1450 72

113 1483 142 1536 et
168 1475 252 1556 73,³)
292 1480 372 1552 apud
409 1480 583 1537 Diomedem
622 1498 649 1554 p.
680 1481 721 1537 54
753 1479 869 1538 Kaibel.
902 1481 990 1547 OGF,
1028 1481 1108 1555 apud
1142 1481 1329 1539 Macrobium
1363 1483 1394 1538 in

113 1567 328 1626 Saturnalibus
350 1569 383 1635 V,
410 1569 485 1636 1,7.,
520 1569 600 1643 apud
625 1568 763 1626 Proclum
796 1572 826 1627 et
857 1570 888 1626 in
919 1570 1019 1627 Photii
1053 1571 1247 1644 bybliotheca
1277 1589 1304 1645 p.
1329 1571 1393 1628 318

112 1659 130 1714 b
147 1657 189 1715 26
208 1675 273 1732 sqq.
298 1659 328 1713 et
351 1658 382 1715 in
406 1647 534 1716 scholiis
554 1658 679 1716 Londin.
704 1659 742 1715 ad
765 1659 891 1733 Dionys.
916 1657 1020 1716 Thrac.
1036 1677 1063 1733 p.
1081 1659 1210 1726 449,26
1227 1677 1292 1734 sqq.
1317 1656 1392 1735 ΗΛ

116 1747 245 1821 denique
269 1747 351 1820 apud
374 1751 529 1805 auctorem
545 1765 730 1823 anonymum
752 1747 784 1804 G.
801 1748 831 1805 L.
847 1748 896 1805 VI.
920 1766 947 1822 p.
965 1748 1038 1806 274.
1061 1747 1136 1805 Keil.
1161 1748 1226 1818 Quo
1250 1767 1287 1806 ex
1309 1750 1394 1807 fonte

112 1836 186 1892 haec
223 1835 325 1893 omnia
355 1836 509 1902 fluxerint,
544 1837 575 1892 in
611 1837 664 1903 eis,
702 1854 780 1911 quae
813 1840 964 1902 secuntur.
1006 1838 1213 1894 demonstrare
1252 1839 1393 1895 conabor.

111 1924 210 1981 Primo
235 1927 339 1982 autem
361 1924 429 1982 loco
455 1941 654 1982 commemoro
677 1929 845 1999 temporum
870 1927 986 1982 ratione
1002 1926 1110 1983 habita
1126 1927 1258 1983 omnium
1274 1926 1393 1984 illorum

113 2016 270 2070 auctorum
305 2013 433 2088 primum
469 2031 536 2071 esse
572 2031 649 2090 eum,
683 2014 735 2088 qui
767 2014 803 2071 de
836 2014 902 2072 vita
933 2018 964 2072 et
993 2015 1080 2088 poesi
1111 2014 1232 2073 Homeri
1263 2016 1392 2090 scripsit.

112 2101 261 2177 Reliquos
285 2102 364 2159 enim
389 2120 493 2160 omnes
518 2103 641 2160 saeculo
666 2121 693 2177 p.
719 2102 782 2164 Ohr.
806 2119 833 2160 n.
859 2103 906 2160 lV.
931 2106 986 2160 aut
1001 2103 1035 2160 V.
1059 2103 1155 2160 fuisse
1187 2105 1265 2161 inter
1289 2122 1394 2162 omnes

113 2193 243 2249 constat.
288 2191 365 2249 Mira
388 2194 490 2250 autem
521 2193 639 2250 ratione
671 2195 841 2266 congruunt
872 2210 917 2259 ea,
952 2209 1031 2266 quae
1063 2193 1177 2266 scripta
1209 2196 1333 2252 exstant
1362 2194 1393 2251 in

113 2280 273 2344 anecdoto,
299 2297 366 2337 cum
390 2281 491 2338 verbis
515 2281 545 2337 in
569 2281 732 2348 Plutarchi,
760 2298 839 2355 quae
862 2281 965 2348 fertur,
992 2281 1028 2338 de
1043 2281 1109 2339 vita
1125 2284 1155 2338 et
1170 2282 1256 2356 poesi
1272 2282 1394 2340 Homeri

113 2370 367 2427 commentatione
392 2369 503 2427 allatis
551 2369 701 2444 Scriptum
726 2370 804 2426 enim
828 2369 969 2442 legimus:

318 2459 348 2514 in
372 2459 520 2516 anecdoto
681 2453 684 2460 '
872 2459 908 2515 de
932 2459 998 2515 vita
1021 2462 1051 2515 et
1074 2459 1160 2533 poesi
1184 2459 1305 2518 Homeri

112 2549 207 2624 τριῶν
232 2543 292 2625 γὰρ
313 2545 416 2607 ὄντων
431 2549 496 2607 τῶν
513 2545 726 2626 χαρακτήρων
781 2541 866 2606 Ἐπεὶ
895 2543 929 2607 δὲ
952 2543 1005 2606 καὶ
1028 2546 1226 2626 χαρακτῆρές
1249 2547 1306 2609 εἰσι
1327 2551 1393 2610 τῶν

111 2638 168 2694 τοῦ
203 2632 310 2713 λόγου,
346 2635 365 2695 ἃ
398 2633 437 2716 ὄῆ
472 2634 527 2696 καὶ
559 2634 727 2716 πλάσματα
781 2633 888 2714 λόγων
921 2633 967 2695 τά·
993 2634 1175 2715 καλούμενα
1207 2633 1393 2717 Πλάσματα,

112 2721 271 2794 καλοῦσιν,
296 2722 397 2803 copon
420 2723 480 2804 μὲν
506 2723 607 2796 ὄντος,
632 2724 650 2784 ὃ
673 2723 727 2785 καὶ
782 2719 829 2785 ὧν
852 2723 887 2785 τὸ
910 2723 969 2803 μὲν
993 2722 1094 2803 ἁδρὸν
1116 2721 1152 2785 τὸ
1174 2723 1202 2786 δ’
1227 2723 1335 2805 ἰσχνὸν
1357 2723 1394 2787 τὸ

112 2817 149 2892 τῆ
165 2815 230 2873 τῶν
242 2810 349 2891 λόγων
361 2811 415 2873 καὶ
425 2818 464 2893 τῆ
475 2817 540 2875 τῶν
553 2813 726 2894 νοημάτων
782 2811 816 2875 δὲ
846 2814 945 2893 μέσον
977 2812 1094 2892 λέγεται
1110 2861 1116 2874 .
1134 2859 1140 2872 .
1158 2861 1164 2874 .
1180 2811 1216 2874 τὸ
1246 2813 1305 2894 μὲν
1335 2812 1394 2877 οὗν

112 2906 292 2982 κατασκευῇ
322 2900 462 2981 μεγάλας
489 2901 641 2982 ἐμφάσεις
665 2902 727 2983 ἔχει
781 2899 882 2982 άόρὸν
912 2901 1041 2982 πλάσμα
1073 2901 1173 2963 ἐκεῖνό
1197 2901 1317 2964 ἔστιτὸ
1340 2903 1394 2965 καὶ

779 2996 817 3071 τῆ
829 2996 893 3052 τῶν
904 2990 1022 3061 λέξεων
1034 2991 1087 3052 καὶ
1098 2996 1136 3072 τῆ
1148 2995 1212 3052 τῶν
1221 2991 1394 3073 νοημάτων

780 3085 960 3162 κατασκευῇ
975 3079 1115 3160 μεγάλας
1135 3080 1210 3160 ἔχον
1233 3080 1393 3160 ἐμφάσεις.

113 3167 222 3247 ἰσχνοῦ
243 3166 286 3239 δὲ,
311 3167 329 3228 ὃ
345 3166 398 3228 καὶ
417 3173 455 3249 τῇ
470 3167 528 3249 ὕλη
545 3173 609 3229 τῶν
624 3190 726 3248 πραγ-
780 3167 888 3249 ι’σχνόν
913 3167 998 3230 δὲτὸ
1014 3168 1068 3231 καὶ
1083 3175 1122 3250 τῇ
1138 3168 1196 3250 ὕλη
1212 3174 1276 3231 τῶν
1291 3192 1393 3250 πραγ-

112 3255 225 3336 μάτων
255 3255 309 3318 καὶ
338 3261 376 3338 τῆ
406 3256 485 3328 λέξει
514 3257 661 3338 τυγχάνει
689 3258 726 3318 ὂν
779 3257 892 3338 μάτων
921 3256 1038 3339 μικρὸν
1065 3257 1118 3319 καὶ
1141 3263 1178 3340 τῇ
1201 3258 1280 3330 λέξει
1302 3281 1392 3320 κατε-

112 3343 266 3417 ταττεινόν,
781 3347 941 3426 ξεσμένον,

221 3521 240 3586 1)
260 3519 319 3574 Hoc
338 3521 399 3574 loco
420 3539 505 3576 unum
524 3521 625 3576 allero.
663 3520 803 3574 Anecdoti
822 3521 896 3574 enim
915 3521 1012 3575 verbe:
1037 3521 1092 3573 ἔστι
1117 3518 1145 3573 δὲ
1164 3517 1327 3591 δραματικὸν
1344 3522 1395 3590 μὲν

112 3588 144 3642 τὸ
162 3586 305 3662 μηδαμῇ
320 3611 355 3660 γε
374 3589 546 3659 ἐμφαῖνον
562 3590 600 3644 τὸ
618 3590 804 3661 πρόσωπον
821 3593 1237 3662 τοῦποιητοῦοοωροτεηάα
1249 3596 1317 3647 sunt
1329 3609 1393 3647 cum

114 3663 162 3727 eis,
183 3679 254 3733 quae
274 3663 379 3732 scripta
393 3666 507 3716 exstant
521 3665 550 3716 in
571 3663 723 3735 hypothesi
743 3664 779 3717 ad
797 3663 873 3732 idyll.
887 3663 919 3716 V.
939 3665 993 3717 vol.
1007 3663 1041 3718 11.
1060 3681 1086 3735 p.
1103 3664 1135 3718 15
1149 3665 1270 3719 Abrens:
1290 3659 1394 3734 ὅραμα

113 3729 256 3817 gradum
293 3729 321 3784 δέ
357 3730 412 3785 ἐστι
448 3739 526 3785 τοῦτο
561 3732 593 3785 τὸ
631 3730 757 3786 cltellae
792 3741 852 3786 τοῦ
881 3732 1066 3804 προσώπου
1092 3741 1151 3787 τοῦ
1177 3742 1324 3802 ποιητοῦ
1350 3737 1395 3803 μὴ

113 3806 485 3956 εμφαιλλοέλιλιλλλυῆυῒὶοηε
514 3879 544 3930 et
567 3871 644 3945 λόγοιν
671 3881 700 3929 et
722 3872 849 3941 ποιήσεως
873 3879 1034 3946 χαρακτῆρες
1062 3893 1116 3930 una
1139 3880 1393 3932 commemorantur

114 3947 188 4017 apud
216 3947 347 4000 Proolum
375 3962 403 3998 1n
432 3946 656 4000 chrestomathia
678 3963 705 4014 p.
720 3946 774 4000 318
792 3945 930 4018 b26sqq.
957 3953 986 4001 et
1010 3949 1039 4001 in
1068 3947 1181 4002 scholiis
1210 3948 1327 4003 boudin.
1355 3949 1392 4003 ad

114 4019 228 4088 Dionys.
255 4018 355 4072 Thrac.
385 4033 411 4087 p.
425 4017 528 4082 449,21
542 4035 583 4088 sq.
597 4018 639 4082 Η,
668 4018 745 4088 apud
770 4018 884 4072 iunium
914 4018 1118 4088 Philarnyrinm
1137 4019 1193 4073 111⁹
1212 4037 1236 4089 p.
1254 4020 1318 4082 1,12
1331 4037 1393 4092 sqq.

115 4089 400 4157 (ed.'1hilo-Hagen),
429 4089 503 4160 apud
530 4089 765 4145 Fortunatianum
784 4107 810 4161 p.
827 4090 885 4155 128,
907 4092 995 4160 lsqq.
1024 4091 1096 4145 rhet.
1125 4091 1188 4146 hat.
1207 4093 1272 4145 min.
1301 4091 1392 4148 Halm.

113 4160 209 4231 Neque
229 4177 295 4215 vero
315 4164 359 4214 est
378 4161 581 4229 neglegendum
601 4161 676 4231 apud
695 4161 766 4216 duos
785 4162 838 4216 hos
855 4163 985 4216 auctores
998 4162 1115 4217 Latinos
1127 4160 1183 4216 tria
1194 4163 1392 4218 tantummodo

114 4231 224 4286 dicendi
242 4248 346 4301 genera
365 4233 490 4286 inveniri.
528 4232 680 4288 Praeterea
707 4233 761 4287 hoc
789 4233 852 4287 loeo
880 4233 1139 4288 commemorandus
1168 4238 1212 4288 est
1229 4239 1329 4289 auctor
1346 4234 1393 4288 ille

113 4303 245 4366 incertae,
266 4303 346 4357 cuius
364 4305 451 4358 verba
469 4304 574 4373 scripta
593 4307 708 4359 exstant
726 4305 801 4375 apud
820 4304 940 4359 Keilium
959 4305 990 4360 G.
1005 4305 1035 4359 h.
1049 4305 1093 4359 VI.
1113 4321 1140 4374 p.
1153 4304 1214 4359 274.

221 4374 240 4440 θ)
258 4373 402 4428 Plutarchi
421 4391 493 4445 pers,
513 4376 600 4430 verba
618 4378 735 4445 praebet
747 4375 923 4430 Phavorinus
940 4377 968 4430 in
982 4377 1071 4431 lexico
1086 4393 1137 4430 suo
1151 4393 1172 4431 s.
1186 4379 1391 4458 κχτιρακτῆρετ.

219 4444 294 4513 41λοῐ.
316 4446 434 4500 Kaibelii
455 4445 663 4520 prolegomena
689 4451 751 4517 περὶ
769 4443 906 4514 κωμῳδίαι
924 4465 950 4519 p.
966 4447 1006 4513 19,
1036 4465 1157 4519 quocum
1185 4464 1299 4502 mmrme
1326 4462 1392 4502 eon-

113 4515 213 4569 sentio.
251 4515 286 4570 ci.
306 4517 380 4571 infra
398 4535 425 4588 p.
438 4517 481 4572 82.

166 4611 270 4666 Kayser.
1196 4609 1214 4663 6
