3190 4944
740 250 962 308 ..94-

319 429 362 487 De
387 429 486 504 poetis
509 428 613 504 lyricis
637 427 818 504 Dionysium
833 427 929 487 Halic.
953 445 1040 502 agere
1064 432 1199 502 apparet.
1238 426 1375 503 Exempli
1399 446 1492 486 causa

213 517 309 576 affero
334 536 378 585 ea,
404 535 483 592 quae
507 517 543 575 de
558 517 663 575 Alcaei
687 517 806 574 dicendi
829 534 936 590 genere
958 517 1073 592 profert
1095 517 1131 574 de
1154 516 1228 574 imit.
1251 535 1280 591 p.
1298 517 1340 574 20
1357 517 1490 575 Usener.:

208 601 355 667 Ἀλκαίου
380 603 414 666 δὲ
437 602 606 666 σκόπειτὸ
628 602 829 685 μεγαλοφυὲς
850 602 904 665 καί
926 602 1031 685 βραχὺ
1053 602 1107 666 καὶ
1131 601 1191 684 ήδὺ
1213 602 1292 684 μετὰ
1309 594 1491 685 δεινότητος.

319 696 362 753 De
385 697 480 753 Arato
498 695 579 768 baec
603 696 724 771 scripta·
740 695 866 768 legimus
882 693 964 770 apud
974 695 1147 752 Maassium
1163 695 1194 752 in
1211 684 1491 753 commentariorum

212 785 242 842 in
273 785 401 862 Aratum
431 784 573 859 reliquiis
598 801 625 858 p.
644 784 732 842 324:
765 785 793 841 4.
827 779 969 862 ζηλωτὴς
1001 774 1039 844 δὲι
1069 781 1189 862 ἐγένετο
1224 786 1279 843 τοῦ
1313 778 1491 863 Ὁμηρικοῦ

211 877 412 952 χαρακτῆρος
441 869 521 932 κατὰ
554 869 610 951 τὴν
636 875 700 932 τῶν
727 871 815 942 ἐπῶν
846 870 1000 933 σύνθεσιν.
1054 871 1129 935 ἔνιοι
1160 869 1195 932 δὲ
1226 869 1321 932 αὑτὸν
1351 870 1493 955 λέγουσιν

208 957 366 1035 Ἠσιόδου·
383 958 521 1041 μιμητὴν
545 959 712 1039 γεγονέναι.
759 962 871 1020 Contra
901 962 978 1020 hanc
993 1023 995 1028 ,
1011 953 1194 1020 sententiam
1217 962 1293 1019 haec
1315 961 1493 1032 dictasunt

212 1051 317 1109 eadem
345 1051 469 1127 pagina:
506 1051 542 1108 5.
562 1047 602 1110 τὸ
633 1046 708 1129 γὰρ
741 1047 909 1130 πλάσμα
939 1054 994 1130 τῆς
1025 1048 1185 1130 ποιήσεως
1218 1049 1329 1129 μεῖζον
1359 1049 1379 1129 ἢ
1415 1047 1492 1110 κατὰ

207 1135 366 1200 Ἡσίοδον.
404 1141 437 1197 In
465 1139 589 1197 scholiis
619 1143 721 1197 autem
751 1140 790 1196 ad
806 1158 834 1197 v.
854 1140 916 1197 100
934 1140 1042 1216 p.-35‘l
1067 1140 1181 1201 Maass.
1205 1140 1280 1197 haec
1299 1139 1494 1197 inveniuntur

212 1230 321 1287 verba:
352 1226 406 1288 καὶ
436 1225 483 1295 ὡς
515 1227 555 1287 ἂν
577 1227 658 1288 εἴποι
680 1249 725 1294 τις
743 1223 912 1308 Ὁμηρικῷ
934 1226 1091 1307 πλάσματι
1113 1226 1322 1308 χρησάμενος.
1368 1229 1432 1286 lam
1456 1229 1492 1286 ad

212 1318 305 1376 alium
329 1320 452 1393 poetam
475 1335 606 1392 poeseos
630 1317 834 1376 didascalicae
857 1321 1061 1376 transeamus.
1100 1318 1250 1393 Scriptum
1272 1318 1350 1375 enim
1366 1317 1493 1392 legimus

211 1407 243 1464 in
267 1406 408 1482 Dionysii
430 1407 542 1480 Perieg.
566 1407 632 1464 vita
655 1425 674 1464 a
697 1407 825 1465 Ruehlio
848 1407 867 1465 l.
884 1425 908 1464 s.
924 1425 948 1465 e.
973 1407 1086 1482 publici
1109 1408 1184 1465 iuris
1207 1407 1292 1464 iacta
1314 1424 1342 1481 p.
1361 1406 1412 1475 83,
1428 1406 1493 1465 ῖ8.;

207 1490 248 1555 ‘O
275 1493 335 1575 γὰρ
358 1497 422 1555 τῶν
449 1492 575 1555 πόλεων
603 1493 732 1574 ἄπειρος
755 1495 803 1555 ὢν
825 1493 999 1574 κατάλογος
1021 1501 1059 1576 τῇ
1089 1497 1153 1555 τῶν
1176 1493 1345 1574 ὀνομάτων
1369 1493 1492 1555 ἐπισυν-

212 1583 304 1663 αφεὶς
327 1582 483 1663 ὀνομασίᾳ
509 1588 565 1644 τοὺ
592 1581 651 1663 μέν
680 1583 818 1664 ἰσχνοῦ
845 1581 885 1644 τὸ
917 1581 1087 1651 ἀσθενὲς
1116 1583 1264 1663 ἐξέφυγε,
1292 1587 1347 1644 τοὺ
1373 1581 1408 1644 δὲ
1431 1582 1492 1643 άνἡ

212 1672 350 1753 θηροὺ
385 1671 427 1733 τὸ
462 1669 535 1752 ήδὺ
569 1672 772 1753 παρῃτήσατο
806 1669 857 1733 διὰ
891 1670 948 1752 τήν
986 1671 1118 1735 ἔκλυσιν.
1172 1671 1207 1744 ἐξ
1236 1667 1285 1733 ὦν
1315 1670 1333 1732 ὑ
1363 1670 1494 1751 ποιητὴς

213 1760 434 1823 ἀποδείκνυται
464 1760 617 1832 ποικίλος,
649 1761 711 1840 εἴγε
737 1759 820 1841 πρὸς
846 1758 901 1829 τὰς
927 1760 1096 1830 ὑποθέσεις
1118 1760 1215 1822 αὑτοῦ
1239 1758 1388 1840 ἁρμόζει,
1420 1759 1493 1821 ποτὲ

211 1849 271 1931 μέν
293 1849 552 1930 καταγλυκαίνων
574 1854 651 1911 τῶν
674 1849 873 1930 ἀνθηρῶν
895 1848 940 1911 τὰ
965 1851 1038 1930 ἔπη
1063 1849 1110 1918 ὡς
1133 1850 1166 1911 ἐν
1185 1854 1249 1918 τοῖς
1265 1848 1362 1910 αὑτοῦ
1378 1847 1492 1910 Λιθια-

212 1944 282 2007 κοῖς
313 1937 546 2010 ἀποδέδεικται,
577 1937 652 2001 ποτὲ
681 1937 715 2000 δὲ
737 1946 784 2019 τῷ
814 1938 1013 2019 γλαφυρῷ
1048 1937 1260 2019 διατορεύων,
1295 1937 1342 2006 ὡς
1372 1937 1409 1998 έκ
1439 1942 1493 1998 τοὺ

211 2028 447 2108 παρακειμένου
478 2026 600 2108 βιβλίου
629 2029 737 2108 σαφές.
783 2027 829 2089 ὅτι
860 2027 895 2090 δὲ
925 2027 1124 2108 διαβέβληται
1153 2025 1195 2089 τὸ
1223 2025 1348 2108 παχύ,
1381 2030 1494 2108 σαφῶς

213 2114 458 2197 ὑΚαλλίμαχος
488 2116 522 2177 έν
551 2121 615 2185 τοῖς
644 2117 858 2197 ἐπιγράμμασι
886 2116 990 2198 δηλοῖ·
1038 2115 1199 2196 διασύρων
1223 2115 1284 2196 γὰρ
1307 2114 1493 2196 Ἀντιμάχου

213 2204 247 2267 τὸ
270 2206 391 2286 ποίημα
415 2204 472 2286 τὴν
494 2204 607 2287 Λύδην
630 2207 691 2287 ἔφη
716 2224 723 2237 ·
746 2203 840 2287 Λάδη
864 2205 918 2267 καὶ
940 2204 1026 2285 παχὺ
1050 2205 1182 2286 γράμμα
1207 2205 1245 2266 οὑ
1267 2202 1371 2284 ταρόν.

320 2297 437 2365 Restat,
463 2299 498 2354 ut
520 2296 556 2354 de
572 2296 694 2355 Homeri
717 2295 900 2354 carminibus
924 2314 1024 2371 pauca
1040 2297 1159 2354 addam.
1196 2296 1229 2353 In
1244 2295 1401 2352 Plutarchi
1417 2295 1493 2353 enim

214 2404 292 2462 quae
315 2385 410 2444 fertur
441 2387 507 2443 vita
535 2389 565 2442 ct
588 2386 674 2461 poesi
696 2386 817 2444 Homeri
843 2404 865 2443 c.
894 2386 964 2443 161.
988 2385 1047 2443 vol.
1071 2385 1133 2443 VII.
1156 2404 1184 2460 p.
1201 2384 1275 2445 427.
1291 2384 1324 2441 B.
1349 2384 1493 2458 scriptum

103 2513 114 2533 .
214 2477 331 2533 exstat:
355 2472 398 2541 τίς
420 2471 540 2553 μᾶλλον
556 2470 701 2554 Ὁμήρου
725 2473 758 2534 έν
780 2479 818 2554 τῇ
842 2472 973 2554 δυνάμει
995 2472 1090 2553 ταύτῃ
1114 2471 1319 2553 καθέστηκεν,
1344 2471 1381 2539 ὃς
1403 2477 1442 2553 τῇ
1463 2493 1495 2532 τε

211 2561 515 2642 μεγαλοφωνίᾳ
537 2562 657 2630 πάντας
679 2562 839 2642 ὑπεραίρει
863 2562 895 2624 έν
918 2585 950 2624 τε
972 2567 1036 2630 τοῖς
1059 2561 1248 2642 διανοήμασι
1270 2559 1326 2640 τήν
1347 2561 1418 2641 ἴσην
1432 2564 1495 2628 τοῖς

212 2649 318 2730 λόγοις
338 2649 427 2732 ἶσχὺν
443 2650 648 2713 ἐπιδείκνυται
656 2674 667 2725 ,·
684 2671 708 2710 c.
725 2653 798 2710 213.
815 2653 874 2710 vol.
891 2653 951 2711 Vll.
968 2647 1370 2728 paludamentum&
1389 2649 1492 2730 εἰπεῖν,

213 2738 258 2800 δτι
281 2739 375 2802 οὐδὲν
398 2739 473 2802 ἄλλο
496 2742 516 2820 ἢ
541 2738 686 2821 δράματα
710 2739 806 2801 αὑτοῦ
830 2739 950 2802 ἐστιτὰ
973 2739 1147 2821 ποιήματα,
1176 2762 1217 2801 σε
1224 2737 1301 2819 μνὰ
1323 2736 1401 2818 μὲν
1425 2737 1493 2799 καλ

212 2827 406 2909 έπηρμένα
429 2836 472 2909 τῇ
493 2827 591 2900 λέξει
613 2828 667 2890 καλ
689 2834 727 2910 τῇ
751 2827 871 2908 διανοίᾳ
886 2827 940 2890 καλ
955 2835 1019 2897 τοῖς
1033 2829 1222 2909 πράγμασιν.
1262 2829 1376 2887 Summi
1392 2832 1493 2886 autem

212 2920 356 2978 momenti
379 2922 452 2977 sunt
475 2937 520 2987 ea,
547 2937 626 2995 quae
649 2919 763 2994 profert
786 2919 974 2979 Eustathius.
1019 2920 1100 2977 Dicit
1123 2921 1200 2978 enim
1223 2919 1254 2976 in
1277 2918 1433 2992 prooemio
1457 2917 1493 2974 ad

213 3008 336 3066 Iliadem
359 3009 379 3073 Ι,
399 3008 428 3076 4,
448 3008 516 3066 36.;
543 3004 607 3067 Ἔτι
633 3006 762 3068 κάκεῖνο
789 3005 960 3087 προλαβεῖν
989 3006 1050 3088 χρὴ
1076 3006 1228 3088 ἐχόμενον
1251 3005 1313 3087 ήδη
1337 3003 1392 3066 καὶ
1414 3026 1493 3083 προ-

213 3093 438 3176 κλητικὸν.τοὺ
461 3094 705 3175 παρεκβολικοῦ,
729 3095 775 3156 ὅτι
798 3093 968 3177 ἀνδρώδης
990 3095 1049 3176 μὲν
1073 3094 1197 3176 ήἸλιὰς
1216 3094 1270 3156 καὶ
1285 3094 1493 3172 σεμνοτέρα

213 3183 284 3245 καὶ
314 3184 420 3263 ὑφος
449 3184 617 3264 ἔχουσα,
650 3184 715 3246 ἐπεὶ
745 3183 799 3246 καλ
824 3185 1045 3264 ,ήρωϊκωτέρα
1092 3183 1189 3265 ἠθικὴ
1219 3183 1254 3245 δὲ
1276 3182 1296 3262 ἡ
1316 3179 1494 3252 Ὀδύσσεια,

214 3272 261 3340 ὡς
284 3272 350 3334 ἐκεῖ
369 3274 563 3353 σαφέστερον
586 3274 767 3353 γέγραπται·
806 3273 859 3334 καὶ
884 3274 928 3335 ότι
950 3271 1203 3354 τήν-Ὁμηρικὴν
1224 3270 1312 3352 ι’σχὺν
1328 3270 1367 3332 οὑ
1383 3275 1494 3333 τοσοῦ-

213 3384 267 3422 τον
297 3361 330 3422 ἓν
359 3368 398 3444 τῇ
422 3359 529 3423 Ἰλιάδι
559 3361 620 3423 ἔστι
650 3361 861 3442 καταμαθεῖν,
896 3362 971 3425 ὅσον
999 3362 1033 3424 ἒν
1062 3369 1101 3444 τῇ
1126 3359 1301 3440 Ὀδυσσείᾳ.
1356 3359 1494 3422 ἐνταῦθα

212 3449 272 3532 μὲν
295 3448 356 3530 γὰρ
378 3450 491 3512 πολλοὶ
514 3450 660 3532 ἀφορμαὶ
683 3451 726 3519 εἰς
749 3450 912 3531 ῥητορείας
935 3450 1109 3531 δαψίλειαν,
1133 3451 1199 3512 ἐκεῖ
1220 3449 1254 3511 δὲ
1275 3448 1496 3530 γλισχρότατος

213 3538 267 3600 καὶ
289 3538 389 3620 πάντῃ
415 3538 577 3619 όλιγόυλσς
600 3539 619 3601 δ
642 3545 696 3601 τοῦ
719 3539 842 3620 βιβλίου
867 3540 1005 3621 σκοπός,
1030 3543 1061 3598 in
1084 3541 1239 3616 prooemio
1263 3541 1302 3597 ad
1326 3541 1495 3615 Odysseam

213 3629 234 3697 Ι,
253 3630 278 3697 1,
299 3631 365 3687 38.;
386 3626 587 3708 Ἠθικωτέρα
612 3627 646 3690 δὲ
669 3634 723 3708 τῆς
739 3626 873 3697 Ἰλιάδας
896 3628 974 3690 κατὰ
997 3628 1054 3710 τήν
1075 3627 1211 3689 παλαιὰν
1235 3626 1387 3708 ἀλήθειαν
1416 3626 1495 3688 ἐστὶν

214 3714 425 3797 ἡὈδύσσεια
449 3716 469 3777 ὅ
491 3716 599 3778 ἔστιν
622 3717 850 3797 γλυκυτέρα
872 3740 912 3780 τε
935 3717 996 3779 καὶ
1013 3717 1272 3798 ἀφελεστέρα.
1311 3714 1372 3796 ήδη
1392 3713 1496 3778 δὲκαὶ

213 3804 347 3885 ὀξυτέρα
372 3804 422 3867 διὰ
445 3804 481 3866 τά
506 3806 539 3866 ἒν
562 3807 716 3886 φαντασίᾳ
740 3806 922 3868 ἐπιπολαίου
940 3805 1092 3886 ἀφελείας
1114 3805 1203 3887 βάθη
1226 3810 1291 3866 τῶν
1314 3804 1495 3885 νοημάτων,

214 3893 261 3962 ὡς
292 3895 323 3956 οῖ
349 3893 482 3975 τεχνικοί
511 3893 643 3973 λέγουσι.
689 3900 780 3956 τοῦτο
802 3895 870 3974 ,γάρ
894 3895 973 3957 ἔστιν
996 3895 1109 3976 ὀξύτης
1132 3893 1293 3975 ῥητορικὴ,
1324 3893 1496 3974 νοημάτων

213 3982 358 4064 βαθύτης
381 3983 414 4044 έν
437 3982 670 4065 έπιπολαζούσῃ
696 3983 850 4065 ἁπλότητι.
889 3982 1000 4046 Ἰστέον
1024 3982 1058 4045 δὲ
1082 3983 1126 4044 ὅτι
1141 3977 1225 4044 πάνθ
1242 3981 1370 4062 γλίσχρα
1386 3981 1424 4043 τὰ
1440 3987 1496 4062 τῆς

214 4071 403 4140 ὑποθέσεως
431 4072 464 4133 έν
494 4077 540 4152 τῷ
570 4072 671 4153 βίβλῳ
693 4072 812 4152 τούτῳ,
843 4072 896 4134 καὶ
920 4073 1045 4152 άσπορα
1068 4071 1121 4132 καὶ
1141 4070 1296 4150 ὑλιγόυλα.
1334 4072 1496 4147 Epicorum

215 4166 314 4221 autem
349 4163 481 4221 elocutio
512 4181 550 4220 ne
581 4165 622 4221 sit
652 4163 790 4231 humilis,
824 4164 965 4221 admonet
989 4164 1113 4221 Tzetnes
1144 4163 1174 4220 in
1206 4161 1428 4238 prolegomenis
1457 4161 1495 4217 ad

214 4251 381 4310 Hesiodum
404 4252 439 4309 ll.
456 4271 483 4327 p.
504 4253 616 4319 13,10.
641 4252 734 4328 (Poet.
752 4253 800 4309 Gr.
817 4251 897 4328 Min.)
918 4253 1030 4312 Gaisf.:
1053 4248 1128 4311 ποιὰ
1152 4249 1243 4320 λέξις,
1267 4249 1334 4329 ήτοι
1358 4247 1495 4329 ήρωῖκή,

213 4338 267 4401 καὶ
291 4339 497 4420 άξιωματική,
521 4338 643 4419 καὶτῷ
667 4339 801 4420 ἡρωῖκῷ
823 4339 931 4420 μέτρῳ
955 4338 1155 4420 ἁρμόζουσα,
1179 4336 1278 4399 ἀλλὰ
1299 4334 1355 4417 μὴ
1380 4358 1495 4398 κατα-

214 4430 464 4512 τετριμμένη
489 4428 556 4490 καλ
579 4427 786 4510 χθαμαλή.
826 4431 942 4500 Quibus
965 4433 1013 4489 tot
1036 4430 1181 4504 exemplis
1198 4429 1381 4487 enumeratis
1398 4446 1496 4503 appa-

214 4537 277 4578 rere
301 4521 401 4580 indico
425 4539 486 4579 non
511 4519 610 4579 solum
634 4539 697 4589 eos,
724 4519 835 4595 quide
859 4523 923 4578 arte
947 4519 1097 4578 rhetorica
1112 4519 1308 4593 scripserunt,
1333 4517 1496 4576 sedetiam
