3190 4944
718 243 940 300 -22-

189 418 321 500 σημεῖόν
345 419 425 481 ἔστιν
449 418 567 491 ἀνοίας,
590 418 626 481 τὸ
648 417 682 481 δὲ
699 417 799 481 ’κατὰ
819 417 888 500 τήν
911 419 1104 501 ὑφήγησιν
1127 424 1183 481 τοῦ
1198 417 1296 499 λόγου
1313 419 1468 482 συντελεῖν
1587 415 1588 486 l

188 515 215 570 τι
237 512 302 570 τῶν
325 508 385 571 ὑπ’
411 508 560 571 ἐκείνου
577 507 926 589 παραγγελὺέντων
949 507 1104 580 παιδείας;
1129 510 1182 586 qui
1197 510 1285 569 locus
1302 511 1469 569 secundum
1587 501 1588 564 j

190 618 234 668 ea,
268 617 346 674 quae
368 599 589 658 Wendlandius
613 600 644 656 in
667 600 765 658 Herm.
788 599 848 659 vol.
864 599 983 658 XXXIX
1006 598 1114 677 (1904)
1139 619 1166 676 p.
1185 600 1248 658 502
1273 600 1356 657 etin
1380 600 1466 669 libro,
1587 611 1588 626 ¹

190 689 242 764 qui
266 692 314 746 est
330 689 366 746 de
381 689 568 747 Anaximene
584 688 800 764 Lampsaceno,
826 707 854 764 p.
871 689 913 746 29
939 690 1090 764 exposuit,
1115 689 1294 747 Anaximeni
1317 689 1379 763 ipsi
1401 707 1470 747 mea
1587 681 1588 708 l

189 777 309 852 quidem
340 778 492 836 sententia
523 780 570 836 est
601 777 819 852 assignandus,
852 778 1030 852 praesertim
1060 796 1128 836 cum
1160 778 1307 852 scriptum
1330 777 1469 852 legamus
1587 849 1588 852 Ἴ

189 867 269 941 apud
287 866 521 924 Demosthenem
536 863 608 944 περὶ
624 864 782 946 στεφάνου
800 863 819 946 ξ
840 867 915 925 151:
931 863 1011 926 κατὰ
1026 863 1082 946 τήν
1098 865 1257 946 ὑφήγησιν
1272 864 1330 945 τήν
1345 863 1468 927 τούτου.
1587 863 1588 886 l

187 956 370 1031 Magnopere
401 958 504 1013 autem
533 957 641 1020 nostra
663 956 790 1013 interest
812 956 870 1013 hoc
892 955 961 1014 loco
984 952 1209 1033 παραγγέλλειν
1234 956 1469 1014 commemorari.
1587 965 1588 996 ³

187 1043 265 1103 Nam
281 1097 282 1100 ,
296 1044 378 1120 apud
401 1045 576 1102 Diomedem
598 1041 828 1124 παραγγελτική
863 1062 931 1102 cum
961 1047 1045 1103 tenet
1067 1045 1175 1114 locum,
1210 1063 1299 1120 quem
1322 1045 1415 1103 habet
1438 1045 1470 1101 iu
1587 1069 1588 1108 ι

187 1136 322 1193 tractatu
339 1133 428 1192 Goisl.
444 1131 634 1212 ὑφηγητική.
673 1134 739 1192 Ηαα
763 1134 889 1202 accedit,
915 1134 996 1208 quod
1020 1134 1051 1191 in
1076 1133 1216 1203 dialecto,
1242 1152 1334 1209 quam
1357 1131 1470 1212 κοινήν
1587 1157 1588 1212 γ

188 1241 346 1291 vocamus,
371 1222 497 1298 saepius
513 1220 679 1302 ὑφηγητής
703 1223 830 1280 eundem
846 1240 970 1280 sensum
985 1223 1080 1280 habet
1095 1226 1188 1298 atque
1205 1223 1356 1297 magister.
1390 1223 1470 1280 Oon-
1587 1235 1588 1246 ¹

188 1312 269 1371 feras
300 1311 391 1369 velim
423 1329 467 1377 ea,
501 1329 581 1386 quae
605 1311 784 1370 Cumontius
813 1311 886 1369 dicit
908 1312 939 1369 in
963 1311 1183 1386 prolegomenis
1208 1313 1247 1369 ad
1270 1311 1408 1369 Philonis
1432 1312 1470 1368 de

190 1401 369 1460 aeternitate
385 1401 488 1457 mundi
504 1400 613 1458 librum
629 1401 809 1476 conscriptis
826 1400 941 1475 val:
965 1401 1036 1478 cNec
1052 1401 1152 1459 minus
1168 1400 1285 1475 insigne
1301 1403 1351 1458 cst
1364 1403 1472 1458 vetera

188 1491 283 1548 verba
305 1507 387 1548 nova
408 1490 438 1546 et
454 1489 559 1546 eadem
576 1490 696 1565 quidem
713 1508 775 1565 qua
790 1490 871 1564 apud
887 1489 1052 1558 Philonem,
1079 1489 1302 1564 significatione
1318 1489 1473 1564 usurpari,

189 1580 320 1649 Quorum
344 1595 381 1636 ex
411 1596 536 1636 numero
568 1579 716 1636 nonnulla
748 1583 821 1637 sunt
853 1579 1018 1645 eximenda,
1051 1581 1086 1636 ut
1117 1596 1195 1654 quae
1226 1579 1258 1636 in
1281 1578 1473 1636 hellenistica

189 1667 353 1742 graecitate
385 1666 447 1725 sint
472 1667 547 1724 trita
569 1670 605 1725 ut
627 1665 795 1747 ὑφηγητής
818 1671 849 1725 et
872 1665 1034 1746 γνώριμος
1057 1669 1203 1742 magister
1226 1671 1255 1726 et
1279 1666 1469 1742 discipulus?

189 1756 267 1815 lllud
291 1759 393 1814 autem
416 1752 612 1835 ὑφηγητικός
643 1757 788 1831 imprimis
813 1775 881 1815 esse
905 1757 1081 1814 adamatum
1105 1759 1143 1814 ab
1168 1757 1221 1826 eis,
1256 1757 1308 1830 qui
1331 1749 1471 1830 philos'o·

119 1882 121 1886 -
189 1846 317 1921 phorum
348 1845 508 1903 historiam
538 1847 723 1914 tractabant,
756 1846 889 1920 intellegi
919 1848 1025 1921 potest
1054 1863 1091 1903 ex
1122 1864 1159 1903 ea
1189 1846 1315 1914 ratione,
1350 1863 1412 1920 qua
1439 1846 1472 1902 in

189 1934 328 1992 Platonis
360 1933 488 2008 dialogis
521 1934 718 2010 disponendis
745 1932 943 2012 utebantur.¹)
989 1935 1093 1992 Veluti
1117 1935 1262 2009 scriptum
1286 1935 1414 2008 legimus
1439 1935 1472 1991 in

188 2023 291 2081 Albini
322 2019 477 2102 είςαγωγή
510 2021 553 2090 εἰς
582 2020 656 2090 τοὺς
679 2019 858 2090 Πλάτωνος
890 2020 1058 2102 διαλόγους
1086 2025 1146 2082 ο.3
1171 2024 1231 2082 vol.
1248 2023 1288 2080 Vl
1310 2041 1337 2097 p.
1358 2023 1471 2082 148H:

189 2109 261 2190 περὶ
283 2108 344 2190 μὲν
367 2106 425 2172 οὑν
448 2111 662 2192 χαρακτήρων
679 2111 712 2172 ἕν
728 2115 793 2180 τοῖς
809 2111 882 2192 ἑξῆς
896 2110 1067 2172 τελεώτατα
1082 2109 1160 2191 μετὰ
1176 2110 1369 2191 ὑπογραφῆς
1384 2110 1470 2191 εἰρή-

190 2221 281 2271 σεται,
314 2198 431 2261 ε’νὺάδε
462 2197 497 2261 δὲ
528 2199 686 2279 γνωστέον
713 2205 865 2262 τοσοῦτον
886 2199 1045 2279 περὶτῶν
1069 2199 1222 2261 ἀνωτάτω
1246 2199 1471 2280 χαρακτήρων,

191 2289 237 2351 ὅτι
261 2287 319 2350 δύο
344 2287 455 2360 ὄντων,
478 2287 717 2370 ὑφηγητικοὺ
741 2288 803 2350 καὶ
827 2289 1043 2370 ζητητικοῦ,
1068 2288 1086 2351 ὁ
1109 2287 1169 2370 μὲν
1192 2287 1389 2370 ὑφηγητικὸς
1411 2289 1470 2369 ήρ-

189 2385 303 2459 μοσται
324 2375 407 2458 πρὸς
432 2374 634 2439 διδασκαλίαν
657 2377 711 2438 καλ
733 2380 848 2459 πρᾶξιν
871 2377 925 2439 καί
948 2377 1108 2449 ἀπόδειξιν
1131 2383 1187 2439 τοῦ
1211 2377 1364 2459 ἁληὺοὑς,
1392 2376 1411 2439 ὁ
1435 2375 1471 2439 δὲ

191 2463 356 2548 ζητητικὸς
378 2465 460 2547 πρὸς
477 2467 652 2548 γυμνασίαν
667 2465 721 2527 καί
737 2467 848 2547 ἀγῶνα
864 2466 918 2528 καλ
934 2466 1062 2548 ἔλεγχον
1076 2472 1132 2529 τοῦ
1148 2465 1299 2546 ψεύδους.
1338 2468 1471 2526 Eandem

191 2561 293 2616 autem
323 2551 550 2632 bipertitionem
584 2558 755 2615 invenimus
786 2559 901 2616 eisdem
931 2559 993 2616 fere
1023 2558 1124 2615 verbis
1156 2559 1356 2633 compositam
1388 2558 1472 2632 apud

179 2646 355 2721 Diogenem
378 2646 531 2704 Laertium
555 2646 595 2703 Ill
620 2664 643 2704 c.
659 2646 711 2705 49.
758 2648 851 2717 Quem
881 2647 1115 2721 tripartitionem
1139 2664 1260 2723 quoque
1285 2647 1409 2705 novisse
1434 2663 1471 2702 ex

191 2737 235 2795 eis
260 2739 396 2811 apparet,
423 2753 502 2810 quae
519 2734 624 2794 eodem
639 2735 707 2794 loco
724 2753 748 2794 c.
767 2735 808 2794 50
823 2736 1034 2794 inveniuntur:
1057 2732 1183 2814 λέγουσι
1199 2733 1260 2815 γὰρ
1276 2733 1382 2795 αὑτῶν
1397 2731 1472 2801 τοὺς

190 2821 249 2904 μὲν
275 2821 499 2903 δραματικούς,
522 2820 595 2891 τοὺς
620 2821 654 2884 δὲ
679 2821 935 2903 διηγηματικούς,
958 2821 1032 2892 τοὺς
1049 2822 1083 2885 δὲ
1099 2823 1239 2904 μικτοὺς.
1272 2821 1341 2884 ἀλλ’
1358 2821 1472 2883 ἐκεῖνοι

190 2910 250 2992 μὲν
263 2915 423 2992 ’τραγικῶς
438 2911 560 2991 μᾶλλον
582 2913 602 2992 ἢ
627 2911 817 2992 φιλοσοφίας
839 2909 895 2992 τήν
913 2911 1071 2992 διαφορὰν
1087 2916 1151 2974 τῶν
1168 2910 1325 2992 διαλόγων
1340 2933 1470 2990 προσω-

190 3000 345 3081 νόμασαν.
361 3003 451 3077 Apud
462 3002 603 3062 Proclum
620 3005 721 3060 autem
737 3003 815 3060 hanc
831 3003 1002 3061 invenimus
1017 3003 1251 3079 tripartitionem
1267 3003 1297 3060 in
1314 3004 1472 3062 comment.

190 3093 220 3149 in
237 3091 375 3150 Platonis
399 3109 459 3149 rem
483 3091 670 3166 publ.vol.l
690 3109 717 3166 p.
738 3092 960 3160 15‚19Kr011.:
984 3091 1012 3152 εί
1034 3089 1068 3153 δὲ
1092 3089 1131 3172 δή
1155 3088 1209 3151 καὶ
1233 3089 1317 3151 οὑτω
1341 3087 1378 3149 τὰ
1402 3087 1469 3169 εἴδη

193 3179 365 3259 διαιροῖμεν
390 3177 437 3247 ιὺς
459 3182 523 3239 τῶν
547 3176 768 3240 Πλατωνικῶν
791 3202 879 3251 τινες,
903 3180 947 3247 είς
969 3177 1004 3241 τὸ
1028 3177 1226 3260 ὑφηγητικδν
1250 3179 1293 3246 εἰς
1315 3176 1351 3240 τὸ
1376 3177 1471 3258 ζητη-

192 3265 279 3329 τικδν
303 3267 347 3336 εἰς
368 3266 404 3329 τδ
419 3266 543 3348 μικτόν,
566 3267 659 3329 πάλιν
683 3267 737 3328 καὶ
759 3268 881 3330 τούτων
904 3267 940 3329 τδ
963 3267 1076 3348 μικτὸν
1092 3267 1295 3347 ἐκλεξάμενοι
1309 3265 1366 3347 τήν
1382 3264 1472 3327 πολι-

190 3356 273 3418 τείαν
296 3356 340 3424 είς
362 3361 454 3418 τούτο
478 3356 629 3437 φέροντες
653 3356 896 3438 άναπέμιγομεν.
935 3356 989 3418 καὶ
1013 3355 1073 3437 γάρ
1096 3356 1153 3418 εἰσὶ
1167 3355 1227 3437 μὲν
1244 3355 1297 3417 καὶ
1314 3355 1476 3436 ζητητικοί

190 3467 270 3513 τινες
293 3444 326 3506 ἐν
350 3445 429 3526 αὑτῇ
453 3443 541 3525 λόγοι
563 3445 699 3517 πλείους,
731 3445 806 3508 εἰσίν
831 3445 941 3508 δὲκαὶ
965 3444 1163 3527 ὑφηγητικοί,
1192 3449 1248 3506 τοὺ
1271 3443 1472 3523 Σωκράτους

192 3537 211 3616 ἢ
239 3533 296 3615 τήν
327 3532 414 3595 λύσιν
433 3534 673 3644 ὑφηγουμένου
704 3541 759 3616 τῆς
790 3535 918 3617 ἀρίστης
948 3534 1103 3603 πολιτείας
1134 3532 1185 3596 διὰ
1207 3538 1263 3595 τοὺ
1287 3532 1384 3612 λόγου
1407 3537 1473 3594 τῶν

191 3622 339 3686 Μουσῶν
363 3623 383 3704 ἢ
407 3627 471 3684 τῶν
495 3623 529 3685 ἒν
547 3621 709 3686 Ἅιδου
679 3646 735 3705 την
753 3622 874 3705 σκηνήν
891 3623 942 3685 διὰ
957 3629 1013 3686 τοῦ
1029 3620 1163 3704 Ἠρὸς
1143 3622 1307 3704 ρημάτων.
1339 3623 1473 3682 Eandem

191 3714 425 3790 tripartitionem
442 3714 585 3789 scriptam
602 3715 753 3789 legimus
746 3733 776 3772 in
792 3715 1012 3788 prolegomenis
1028 3736 1083 3794 της
1091 3709 1270 3780 Πλατωνος
1283 3709 1472 3793 φιλοσοφίας

193 3822 216 3861 c.
233 3804 274 3861 17
300 3803 360 3862 vol.
376 3803 416 3862 Vl
439 3822 467 3878 p.
485 3804 594 3871 212H,
627 3803 681 3861 ubi
712 3804 834 3878 singula
856 3822 967 3878 genera
989 3804 1047 3862 hoc
1071 3804 1160 3861 modo
1185 3803 1386 3877 explicantur:
1419 3798 1476 3860 καί

192 3891 254 3953 ε’στι
283 3889 391 3971 μὲν
374 3890 619 3971 υφηγηματικδς
645 3890 824 3971 τρόπος,
805 3913 879 3952 οταν
902 3889 939 3951 τὰ
963 3891 1067 3971 ἑαυτῶ
1091 3889 1248 3952 δοκοῦντα
1273 3887 1344 3970 δίχα
1367 3888 1473 3968 πάσης

192 3980 354 4060 ζητήσεως
369 4001 422 4041 και
415 3978 633 4051 ἀποδείξεως
649 3979 872 4061 προβάλληται,
889 3977 1100 4060 ζητηματικδς
1117 3978 1188 4041 δὲ”
1168 4001 1242 4041 οταν
1259 3979 1346 4059 ζητῇ,
1362 3975 1474 4058 μικτὸς

193 4067 227 4130 δὲ
251 4068 269 4130 ὑ
293 4068 328 4140 ἒξ
351 4068 473 4150 ἀμφοῖν
498 4067 756 4150 συγκρινόμενος.
802 4072 952 4129 Auctores
984 4074 1086 4130 autem
1117 4070 1265 4128 hocloco
1299 4069 1410 4127 allatos
1435 4087 1473 4126 ex

193 4160 382 4233 superiorum
405 4167 576 4235 temporum
599 4160 666 4218 iont
667 4160 736 4218 ibus
760 4160 903 4218 hausisse
927 4162 957 4217 et
980 4178 1032 4235 per
1055 4179 1089 4218 se
1112 4161 1213 4235 ipsum
1234 4161 1362 4234 apparet
1378 4161 1409 4215 ct
1423 4158 1473 4215 vel

192 4249 262 4306 inde
277 4248 412 4323 intellegi
427 4251 539 4324 potest,
558 4250 640 4324 quod
653 4268 673 4306 a
684 4249 790 4306 Proclo
803 4248 978 4306 Platonici
970 4250 1030 4324 ipsi
1046 4249 1248 4306 nominantur
1278 4248 1311 4304 In
1328 4246 1473 4322 exemplis

301 4387 319 4455 ¹)
338 4385 453 4440 Minime
472 4385 512 4440 eis
531 4386 609 4452 locis,
630 4401 701 4466 quos
720 4346 794 4438 infra
812 4383 939 4450 afferam,
960 4384 1185 4456 comprobatur
1177 4401 1205 4437 m
1222 4386 1348 4438 tractatu
1361 4382 1474 4439 Coislin.

193 4456 326 4524 ἀμίμητον
342 4456 450 4523 ποίησιν
473 4473 574 4527 prosae
600 4455 736 4511 orationis
756 4459 940 4510 monumenta
959 4456 1114 4526 complecti,
1139 4456 1169 4510 id
1188 4455 1262 4526 quod
1279 4455 1355 4509 male
1372 4454 1475 4509 statuit

193 4529 336 4584 Kaibelius
355 4528 373 4584 l.
387 4545 408 4584 s.
422 4545 443 4583 s.
462 4544 489 4598 p.
502 4529 546 4583 64.
