3190 4944
729 246 862 304 ...36
907 277 953 287 .-

194 422 387 500 <intuitione
404 424 432 483 3.
454 442 483 500 p.
501 425 551 485 97.
597 423 643 482 Ex
665 424 724 482 hoc
753 425 856 482 autem
880 423 948 482 loco
980 424 1147 498 collign'mus
1178 424 1210 482 in
1232 426 1367 481 tractatu
1392 424 1480 486 Goisl.

195 530 270 572 ,cum
293 513 430 570 Kaibelio
455 531 524 571 esse
547 513 737 572 scribendum
761 509 914 592 δρώντων
936 509 991 572 καὶ
1012 505 1088 597 (οὐ)
1111 509 1151 572 δι’
1176 511 1372 592 ἀπαγγελίας.

312 602 478 660 Veniamus
493 619 573 660 nunc
590 603 630 660 ad
645 602 843 660 haecverba:
868 600 907 662 δι’
923 599 1043 681 ἡδονῆς
1057 599 1112 662 καὶ
1127 599 1270 680 γέλωτος.
1294 602 1481 678 Bernaysius

195 691 280 748 renim
305 691 323 750 1.
339 709 364 750 s.
382 708 405 749 s.
430 709 457 765 p.
475 691 539 750 568
564 692 637 749 dicit
652 691 726 748 illud
743 688 843 768 γέλως
859 688 1005 770 ο1ἡδονῆ
1029 690 1151 749 minime
1166 708 1236 750 esse
1253 692 1357 749 eodem
1373 693 1480 765 gradu3

194 777 301 858 ’γέλως
332 780 410 838 enim
441 799 509 840 esse
541 781 673 855 speciem
704 775 859 860 ἡδονῆςλ)
904 781 1066 838 Praeterea
1095 779 1170 837 illud
1198 777 1298 859 ῆδονὴ
1323 780 1482 856 Bernaysii

202 869 356 927 sententia
386 871 435 928 est
464 869 637 927 vocandum
659 865 768 934 πάθος
799 869 965 926 secundum
997 869 1132 927 auctoris
1156 866 1228 947 περὶ
1255 867 1361 947 ὕψους
1388 872 1483 931 verba

198 976 225 1018 c.
242 957 293 1027 38,
309 959 341 1018 5:
365 956 384 1017 ό
408 955 508 1036 γέλως
529 955 638 1024 πάθος
661 955 694 1018 ἐν
717 953 827 1037 ἡδονῆ,
852 975 914 1015 non
929 954 1076 1036 πάθημα.
1110 957 1222 1016 Contra
1237 959 1395 1016 atterenda
1411 961 1483 1016 sunt

193 1066 246 1115 ea,
281 1065 360 1123 quae
389 1047 462 1105 dicit
485 1047 643 1105 Bouitzius
672 1047 704 1104 iu
730 1047 829 1104 indice
852 1047 1047 1105 Aristotelico
1072 1066 1096 1104 s
1119 1067 1147 1106 v.
1170 1045 1322 1127 κάθημαι
1354 1050 1483 1123 apparet

147 1222 149 1225 p
199 1137 278 1194 enim
300 1137 379 1196 inter
401 1133 540 1214 πάθημα
565 1139 595 1193 et
617 1132 725 1201 πάθος
747 1152 808 1193 non
832 1153 901 1194 esse
925 1139 1039 1194 certum
1061 1135 1295 1210 significationis
1312 1137 1479 1204 discrimen,
1589 1189 1590 1222 η

200 1226 255 1284 sed
278 1226 385 1283 eadem
400 1226 462 1282 tere
486 1225 518 1283 vi
541 1228 573 1282 et
596 1243 708 1283 sensus
731 1225 880 1283 varietate
896 1221 1058 1300 utrumque
1074 1243 1183 1283 nomen
1200 1227 1325 1300 saepius
1342 1225 1479 1294 alterurn,
1589 1225 1590 1276 ξ

199 1314 330 1372 alterum
360 1315 459 1372 rarius
492 1310 669 1390 usurpant)
715 1314 775 1372 Sed
807 1314 888 1388 quod
918 1314 1106 1390 chaysius
1138 1315 1212 1372 dicit
1234 1315 1251 1372 l.
1269 1333 1293 1375 s.
1309 1332 1333 1372 s.
1358 1333 1387 1389 p.
1405 1315 1480 1373 568:
1589 1367 1590 1390 ,

199 1403 273 1462 illud
298 1400 419 1483 ῆδονῆν
442 1403 664 1478 repudiandum
688 1421 765 1467 esse.
799 1403 872 1478 quia
896 1404 986 1461 etiam
1014 1405 1174 1478 tragoedia
1196 1401 1297 1482 ἡδονὴ
1322 1403 1479 1472 excitetur,

199 1492 382 1551 Aristoteles
406 1493 556 1567 permulta
578 1493 714 1550 laetitiae
737 1509 849 1567 genera
880 1493 970 1550 affert
996 1493 1028 1549 in
1056 1492 1141 1550 libris
1173 1493 1247 1554 suis.
1294 1493 1372 1550 Sunt
1401 1493 1481 1552 enim

196 1582 282 1640 illius
307 1581 459 1639 sententia
490 1598 558 1639 cum
586 1581 666 1640 aliae
690 1577 805 1660 ἡδοναί
833 1584 897 1639 tum
929 1576 1038 1641 οἰκεία
1052 1578 1152 1661 ἡδονῆ
1185 1585 1215 1639 et
1245 1582 1421 1656 tragoediae
1453 1585 1482 1639 et
1589 1625 1590 1634 .

201 1671 385 1729 comoediae.
431 1668 534 1728 Veluti
565 1671 711 1746 scriptum
734 1670 863 1744 legimus
886 1671 915 1726 in
942 1674 1006 1728 arte
1030 1672 1109 1744 poet.
1134 1689 1162 1745 p.
1182 1671 1266 1729 1453
1283 1671 1371 1729 aer:
1403 1666 1482 1731 ἔστιν

196 1757 235 1820 δὲ
258 1757 318 1838 οὐχ
341 1757 420 1838 αὕτη
444 1757 464 1838 ἡ
486 1756 549 1820 ἀπὸ
565 1755 745 1838 τραγῳδίας
764 1756 865 1838 ἡδονὴ
882 1755 960 1819 ἀλλὰ
975 1756 1096 1838 μᾶλλον
1111 1763 1166 1838 τῆς
1180 1756 1358 1839 κωμῳδίας
1373 1758 1480 1819 οἰκεία.

199 1849 264 1906 Ηοο
295 1851 397 1906 autem
424 1848 593 1923 Bornaysio
626 1848 848 1906 concedendum
877 1851 926 1906 est
953 1849 1119 1906 secundum
1142 1849 1338 1907 Aristotelem
1361 1845 1482 1928 ἡδονήν

196 1955 260 1997 non
282 1955 353 1996 esse
376 1937 545 1995 habendam
568 1939 599 1994 in
623 1954 746 1995 numero
771 1935 946 2004 affectuum,
977 1938 1030 1995 sed
1055 1938 1143 2013 sequi
1166 1938 1305 1996 affectus.
1330 1937 1481 2012 Scriptum
1589 1995 1590 1998 ,

200 2027 277 2085 enim
301 2026 427 2101 legimus
451 2026 483 2083 in
507 2027 572 2084 Eth.
595 2027 769 2084 Nicomach.
793 2045 821 2101 p.
843 2024 925 2085 1105
942 2028 960 2083 b
975 2027 1030 2084 21:
1054 2023 1136 2105 λέγω
1161 2024 1196 2086 δὲ
1218 2024 1308 2105 πάθη
1332 2024 1392 2105 μέν
1415 2025 1480 2086 έπι-

197 2113 319 2194 θυμίαν
343 2112 441 2194 ὀργῆν
464 2113 570 2194 φόβον
592 2112 717 2193 θάρσος
739 2112 866 2194 φθόνον
888 2111 992 2194 χαρὰν
1014 2113 1119 2194 φιλίαν
1141 2119 1235 2194 μῖσος
1256 2113 1363 2176 πόθον
1386 2113 1482 2195 ζῆλον
1589 2163 1590 2174 .

198 2202 294 2274 ἔλεον,
319 2201 403 2270 ὅλως
419 2202 464 2271 οἷς
480 2203 583 2264 ἕπεται
599 2201 699 2284 ἡδονὴ
716 2203 736 2284 ἡ
752 2201 845 2284 λύπη.
876 2205 982 2280 ltaque
998 2205 1131 2262 dubitari
1146 2199 1257 2280 potest,
1284 2208 1383 2262 stetne
1406 2205 1480 2263 illud
1589 2207 1590 2222 ¹

199 2291 239 2354 δι’
257 2291 382 2372 ἡδονῆς.
415 2294 474 2351 Sed
498 2294 581 2351 aliud
606 2294 857 2351 considerandum
882 2298 937 2351 est
970 2294 1120 2368 Scriptum
1145 2295 1222 2352 enim
1241 2294 1380 2352 videmus
1398 2294 1480 2368 apud

198 2383 340 2441 Tzetzam
363 2383 407 2441 Pa
426 2383 465 2440 12
489 2383 622 2442 ocul
645 2403 673 2459 p.
693 2383 731 2439 17
745 2382 784 2441 K:
808 2380 869 2442 ε’στ1
886 2379 921 2442 δὲ
936 2379 1095 2462 κωμῳδία
1114 2382 1245 2462 μίμησις
1259 2381 1409 2461 πράξεως
1424 2427 1431 2441 .
1449 2421 1479 2442 ..

198 2469 414 2550 καθαρτήριος
436 2469 650 2551 παθημάτων,
678 2468 842 2551 συστατικὴ
866 2474 922 2531 τοῦ
945 2470 1018 2551 βίου
1043 2468 1093 2532 διὰ
1118 2469 1254 2550 γέλωτος
1284 2469 1338 2532 καὶ
1361 2469 1480 2550 ἡδονῆς

198 2558 415 2640 τυπουμένη.3)
455 2562 521 2619 Ηοο
538 2559 663 2629 accedit,
689 2561 771 2636 quod
794 2561 825 2618 in
849 2560 944 2620 schol.
969 2562 1007 2618 ad
1024 2561 1150 2636 Dionys
1168 2561 1273 2618 Thrac.
1298 2561 1479 2635 conscriptis

197 2651 274 2708 haec
296 2652 391 2707 verba
413 2650 554 2723 legimus:
587 2647 648 2710 ἐστὶ
679 2646 713 2709 δὲ
744 2647 902 2728 κωμῳδία
933 2648 1064 2728 μίμησις
1094 2647 1244 2727 πράξεως
1273 2646 1481 2728 καθαρτικῶν

196 2736 401 2818 παθημάτων
416 2736 470 2799 καὶ
484 2742 540 2799 τοῦ
560 2737 632 2818 βίου
649 2736 824 2816 συοτατικῆ,
844 2736 1026 2816 τυπουμένη
1052 2736 1091 2798 δι’
1108 2735 1227 2818 ἡδονῆς
1241 2736 1295 2798 καὶ
1311 2735 1479 2816 peratore)

197 2827 355 2886 Kaibelius
373 2831 475 2886 autem
490 2828 508 2885 1.
526 2847 541 2886 s
558 2846 582 2886 s.
603 2847 631 2903 p.
649 2827 690 2885 65
708 2827 930 2885 demonstravit
946 2827 1086 2885 Tcetzam
1104 2846 1141 2886 cx
1158 2829 1282 2886 scholiis
1299 2829 1338 2884 ad
1352 2827 1478 2902 Dionys

197 2917 302 2975 Thrac.
327 2918 365 2974 ab
389 2917 513 2974 Euclide
538 2917 684 2974 confectis
709 2916 860 2984 hausisse,
881 2916 1042 2974 ‘Euclidem
1067 2935 1104 2974 ex
1127 2917 1245 2985 Proclo,
1278 2917 1417 2974 Proclum
1442 2935 1480 2977 ex
1589 2987 1590 2990 ἡ

198 3006 303 3064 eodem
334 3007 418 3064 tonte
450 3010 542 3080 atque
575 3008 728 3063 auctorem
758 3007 912 3063 tractatus
945 3005 1067 3064 Coislin.
1114 3006 1198 3075 Quae
1230 3024 1298 3063 cum
1329 3006 1374 3063 ite
1405 3006 1476 3073 sint,

197 3096 336 3171 sequitur
351 3097 382 3152 in
399 3095 550 3152 communi
566 3095 620 3152 illa
635 3097 699 3152 arte
715 3097 795 3169 poet.
812 3094 971 3152 exstitisse
986 3094 1061 3152 illud
1078 3092 1117 3155 δι’
1131 3092 1250 3174 ἡδονῆς
1264 3091 1318 3155 καὶ
1333 3091 1478 3172 γέλωτος.

304 3184 469 3242 Veniamus
493 3201 573 3241 nuno
597 3185 635 3240 ad
659 3182 778 3240 ridiculi
793 3200 903 3256 genera
919 3180 950 3263 (ξ
967 3182 1006 3259 4).
1046 3185 1145 3259 Atque
1162 3185 1257 3258 primo
1274 3183 1394 3259 quidem
1410 3183 1479 3241 loco

197 3273 405 3331 disserendum
430 3276 478 3330 est
501 3273 537 3330 de
560 3272 755 3346 bipertitione
778 3271 847 3330 illa:
872 3270 983 3350 γίνεται
1004 3269 1038 3334 δὲ
1054 3271 1073 3332 ό
1089 3270 1189 3351 γέλως
1209 3269 1274 3332 ἀπὸ
1293 3276 1348 3351 τῆς
1363 3269 1480 3342 λέξεως

197 3394 240 3404 -
254 3358 318 3422 ἀπὸ
332 3363 405 3422 Ιτῶν
428 3359 634 3440 πραγμάτων.
673 3360 805 3418 Similem
829 3365 931 3418 autem
955 3363 1150 3435 partitionem
1173 3362 1343 3418 invenimus
1367 3361 1398 3417 in
1414 3365 1480 3418 arte

196 3451 356 3509 rhetorica.
403 3449 487 3521 Qua'e
510 3453 579 3508 tota
609 3450 748 3507 doctrina
778 3451 818 3507 ad
841 3451 1085 3526 Theophrastum
1110 3453 1159 3508 est
1189 3451 1351 3508 referenda
1398 3450 1480 3507 Dicit

195 3540 275 3599 enim
290 3540 413 3597 Rabeus
428 3540 460 3597 in
477 3540 693 3597 dissertatione
717 3557 784 3607 sua,
810 3556 890 3613 quae
910 3540 1098 3598 inscribitur:
1122 3540 1158 3597 de
1175 3539 1377 3614 Theophrasti
1392 3538 1479 3596 libris
1589 3561 1590 3592 r

195 3627 267 3705 περὶ
282 3626 398 3698 λέξεως
420 3646 448 3703 p.
467 3629 516 3687 29.
537 3627 625 3686 haec:
650 3629 788 3704 cprimum
812 3629 890 3686 euim
914 3629 989 3686 ordo
1012 3630 1115 3686 iustus
1138 3630 1169 3686 in
1194 3629 1311 3686 artibus
1336 3629 1392 3684 erit
1406 3625 1480 3707 περὶ

195 3716 338 3787 πίστεων,
362 3715 434 3797 περὶ
456 3714 584 3787 τάξεως,
607 3714 680 3796 περὶ
701 3714 834 3790 λέξεως,·
862 3720 1048 3791 postremum
1071 3717 1258 3776 referebatur
1280 3717 1319 3774 ad
1335 3712 1480 3776 λεκτικόν

194 3804 301 3876 τόπον,
318 3806 420 3880 priora
434 3807 474 3864 ad
486 3803 724 3886 πραγματικόν.’
744 3806 827 3864 Haec
844 3809 945 3863 autem
958 3807 1161 3882 Theophrasti
1177 3805 1316 3864 doctriua
1330 3805 1478 3880 imprimis

196 3896 399 3954 adamabatur
414 3914 434 3953 a
448 3897 535 3970 primi
552 3915 578 3954 a.
592 3896 658 3954 Chr.
670 3913 699 3954 n.
716 3895 831 3952 sacculi
848 3895 1055 3970 scriptoribus
1085 3896 1236 3971 Scriptum
1253 3895 1332 3952 enim
1348 3894 1479 3971 legimus

304 4103 324 4173 ¹)
343 4103 379 4159 cf.
398 4103 736 4158 Aristot.Rhet.1.c.X1
754 4118 782 4172 p.
797 4102 863 4157 1371
878 4101 955 4156 1)34;
976 4102 1072 4170 ὁμοίως
1090 4099 1119 4155 δὲ
1137 4106 1182 4154 καὶ
1200 4099 1257 4155 ἐπεὶ
1275 4101 1291 4168 ἡ
1309 4096 1406 4154 παιδιαὶ
1423 4104 1480 4154 τῶν

195 4171 278 4242 ἡδέων
295 4177 341 4226 καὶ
358 4181 432 4227 πᾶσα
451 4175 543 4238 dracas,
561 4179 608 4227 καὶ
626 4174 641 4227 ό
659 4171 738 4244 γέλως
754 4178 809 4226 τῶν
825 4169 916 4239 ἡδέων,
936 4173 1034 4244 ἀνάγκη
1051 4177 1097 4226 καλ
1115 4171 1149 4226 τὰ
1167 4171 1255 4243 γελοία
1272 4170 1339 4240 ἡδέα
1357 4169 1432 4226 εἶναι.

236 4317 287 4372 114
303 4247 322 4317 ¹)
342 4246 554 4302 ci.'Bonitnium
568 4248 596 4301 in
616 4246 718 4302 studiis
729 4245 847 4300 Aristot.
861 4245 893 4310 V,
914 4245 1100 4301 vindobonae
1115 4244 1192 4311 1867,
1213 4246 1367 4300 Tinslerum
1386 4245 1403 4299 l.
1417 4261 1440 4299 s.
1454 4260 1478 4299 s.

193 4334 222 4390 p·
618 4340 621 4344 .

289 4359 321 4457 ⁹³)
341 4389 377 4444 cf.
396 4389 515 4472 Kaibelii
533 4390 736 4471 prolegomena
753 4384 970 4470 περὶῃκαμῳδιάς
988 4406 1013 4460 p,
1028 4390 1070 4445 53,
1099 4461 1104 4472 ι
1350 4453 1371 4471 ¹·
1389 4452 1406 4457 ..
1472 4451 1484 4456 ..

193 4533 269 4604 tt
287 4459 831 4603 thitherandrelec
856 4461 935 4515 n..
955 4463 1143 4550 a...
1160 4477 1187 4530 1>-
1202 4458 1304 4573 ea
1326 4475 1373 4530 n
1397 4455 1478 4513 tt
