3190 4944
745 214 967 272 ..10-

217 390 311 448 verba
333 388 391 448 hoc
421 390 488 448 loco
520 390 711 465 subiungam.
756 391 900 450 Conferas
924 391 1015 450 velim
1039 410 1084 460 ea,
1117 410 1197 467 quae
1228 393 1342 467 scripta
1372 395 1500 452 exstent
1588 419 1589 444 1

217 480 248 536 in
271 479 370 538 Procli
392 479 540 538 Diadochi
571 480 603 538 in
632 480 773 539 Platonis
804 498 866 538 rem
896 480 1049 556 publicam
1080 483 1297 540 commentario
1319 480 1369 559 (ed
1392 482 1499 558 Kroll.)

217 568 307 626 vol.l
329 586 357 642 p.
378 569 572 644 14‚15sqq.:
596 565 811 646 Δεύτερονδὸ
834 565 874 648 ι’γν
890 566 940 628 ἐπὶ
954 567 1058 648 τούτῳ
1074 567 1257 649 κεφάλαιον,
1281 568 1393 631 ὁποῖόν
1417 569 1500 632 ἐστιν

216 659 281 716 τῶν
303 653 410 735 λόγων
429 654 466 717 τὸ
482 653 575 728 εἶδος,
598 655 675 717 καθ’
693 657 711 717 δ
728 655 877 736 διέθηκεν
890 654 948 737 τὴν
962 657 1178 737 πραγματείαν
1192 657 1308 739 ταύτην
1324 657 1342 719 ὁ
1358 679 1498 738 συγγρα-

218 743 306 824 φεύς.
341 749 433 806 τοῦτο
458 743 492 807 δὲ
516 745 555 806 οδ
578 743 706 806 πολλῶν
730 743 818 826 οἶμαι
834 744 1012 826 δεήσασδαί
1024 768 1081 827 μοι
1095 745 1211 826 λόγων,
1235 745 1302 808 ἀλλ’
1319 746 1501 829 ἀναμνῆσαι

217 838 331 915 χρῆναι
345 832 456 914 μόνον,
481 833 527 896 ὅτι
542 833 596 894 καὶ
618 832 714 902 αὐτὸς
730 833 763 896 ἓν
786 833 869 914 τῷδε
891 838 938 914 τῷ
961 835 1184 916 συγγράμματι
1208 835 1258 917 [Ill
1273 855 1300 912 p.
1319 838 1382 896 392
1399 839 1426 895 d.
1443 834 1496 916 ss]

216 921 285 1002 τρία
309 921 406 1003 φησίν
429 921 495 1004 εἴδη
520 922 638 994 λέξεως
661 922 823 1004 ὑπάρχειν,
845 920 886 984 τὸ
909 921 978 1004 μὲν
1003 922 1237 1004 δραματικὸν
1260 924 1322 986 καὶ
1344 947 1498 1006 μιμητι-

217 1009 286 1072 κὸν
307 1010 420 1092 μόνως
441 1017 497 1092 τῆς
519 1011 698 1092 κωμῳδίας
719 1011 822 1092 λέγων
844 1011 898 1074 καὶ
920 1011 1109 1093 τραγῳδίας,
1137 1012 1173 1075 τὸ
1197 1012 1232 1075 δὲ
1256 1012 1498 1096 ἀφηγηματι-

216 1098 286 1162 κὸν
308 1099 372 1162 καὶ
395 1100 601 1182 ἀμίμητον,
625 1099 693 1163 οἷον
716 1099 770 1163 καὶ
794 1101 825 1163 οῑ
846 1099 919 1170 τοὺς
943 1100 1168 1182 διθυράμβους
1191 1102 1368 1183 γράφοντες
1390 1102 1444 1164 καὶ
1467 1103 1502 1164 οῖ

216 1187 274 1257 τὰς
297 1189 434 1268 ἱστορίας
456 1194 521 1251 τῶν
552 1189 731 1270 γεγονότων
755 1189 830 1252 ἄνευ
861 1190 1126 1269 προσωποποιίας
1157 1189 1379 1272 μετέρχονται·
1395 1191 1500 1272 τρίτον

218 1276 311 1339 δὲτὸ
333 1277 445 1358 μικτὸν
473 1278 509 1350 ἑξ
535 1277 740 1360 ἀμφοτέρων,
771 1279 842 1341 οἵαν
871 1279 925 1341 καί
947 1278 1004 1361 την
1022 1273 1172 1361 Ὀμήρου
1195 1281 1321 1362 ποίησιν
1350 1278 1436 1352 εἶναι,
1458 1279 1498 1342 τὰ

216 1366 277 1448 μὸν
310 1372 377 1435 ταῖς
411 1371 475 1428 τῶν
512 1368 712 1448 πραγμάτων
746 1367 933 1450 άφηγήσεσι,
971 1367 1008 1430 τὸ
1044 1367 1078 1430 δὲ
1112 1374 1178 1438 ταῖς
1211 1374 1276 1432 τῶν
1309 1369 1500 1449 προσώπων

216 1455 366 1537 μιμήσεσι
388 1455 644 1538 πεποικιλμένην.
683 1459 748 1517 Hoc
771 1462 873 1518 autem
897 1460 965 1517 loco
988 1460 1063 1517 illud
1087 1457 1245 1539 ἀμίμητος
1268 1461 1346 1518 idem
1365 1461 1427 1519 iere
1451 1463 1501 1518 est

219 1550 312 1622 atque
334 1545 502 1626 μιμήσεως
526 1565 643 1623 expers
686 1548 743 1606 Sed
769 1565 837 1606 mea
861 1548 981 1624 quidem
1006 1551 1159 1607 sententia
1181 1550 1301 1607 minime
1324 1552 1373 1608 cst
1394 1550 1499 1622 neglc-

218 1636 348 1710 gendum
372 1635 509 1694 Proclum
533 1637 552 1698 1.
568 1655 594 1698 s.
610 1655 635 1699 s.
658 1637 797 1696 Platonis
821 1637 989 1696 doctrinam
1013 1640 1165 1712 praebere,
1191 1656 1270 1714 quae
1293 1639 1445 1697 invenitur
1467 1639 1500 1696 in
1588 1673 1589 1736 η

217 1725 260 1782 rei
283 1724 423 1799 publicae
446 1725 523 1784 libro
546 1727 586 1784 Ill
603 1729 663 1785 c.7
688 1745 717 1801 p.
735 1727 799 1785 394
822 1727 925 1802 Bsqq.
973 1726 1039 1797 Quo
1070 1727 1138 1786 loco
1168 1727 1243 1785 illud
1273 1725 1405 1807 μίμησις
1436 1727 1500 1785 alio

218 1831 312 1871 sensu
335 1814 496 1872 adhibetur
518 1819 611 1890 atque
635 1815 666 1872 in
682 1815 855 1874 Aristotelis
879 1819 945 1873 arte
968 1816 1096 1891 poetica.
1132 1817 1221 1891 Apud
1237 1817 1395 1874 Platonem
1420 1817 1500 1874 enim
1588 1843 1589 1868 ι

218 1903 236 1960 l.
254 1919 277 1960 s.
295 1919 318 1960 s.
342 1903 404 1960 vim
428 1904 521 1962 habet
544 1904 724 1963 imitationis
749 1900 960 1986 orationum,1)
983 1905 1158 1964 Aristotelis
1189 1905 1341 1963 sententia
1367 1903 1501 1984 μίμησις

217 1991 353 2066 regulam
376 1995 469 2067 atque
497 2011 632 2051 normam
656 1994 832 2069 suppeditat
855 1994 891 2051 de
916 1995 998 2052 omni
1029 1995 1104 2052 artis
1128 2011 1236 2070 genere
1259 1995 1403 2052 iudicium
1427 2011 1499 2070 pro-

217 2081 341 2138 ferendi.
386 2081 475 2157 Apud
498 2082 639 2140 Proclum
670 2085 772 2140 autem
795 2083 814 2144 l.
831 2101 855 2141 s.
872 2101 897 2144 s.
920 2083 995 2141 illud
1019 2080 1214 2162 δραματικὸν
1244 2080 1299 2143 καὶ
1328 2080 1500 2163 μιμητικόν

218 2171 264 2228 ita
287 2172 336 2228 est
359 2171 580 2246 explicandum,
615 2173 650 2229 ut
671 2169 842 2251 μιμητικόν
873 2173 1015 2230 artiorem
1046 2173 1108 2230 vim
1139 2171 1260 2240 habeat,
1294 2191 1386 2248 quam
1417 2172 1500 2246 apud

218 2259 376 2317 Platonem
400 2261 579 2320 invenimus.
625 2261 722 2318 Aliter
752 2264 855 2319 autem
885 2279 934 2319 res
967 2279 1001 2319 se
1032 2262 1125 2319 habet
1155 2263 1184 2319 in
1215 2265 1350 2320 tractatu
1375 2260 1499 2320 Goislin.

218 2348 276 2406 Ubi
306 2348 380 2406 illud
408 2348 559 2428 μιμητική
583 2382 629 2392 -
651 2367 721 2408 nam
752 2351 798 2408 sic
829 2368 896 2408 esse
928 2351 1119 2408 scribendum
1154 2368 1222 2408 cum
1254 2368 1290 2408 ex
1322 2350 1390 2407 aliis
1421 2349 1499 2408 locis

220 2455 315 2512 supra
338 2436 440 2495 allatis
463 2441 528 2496 tum
553 2457 590 2496 ex
605 2439 653 2496 his
669 2439 768 2497 Procli
783 2440 885 2497 verbis
902 2439 1113 2513 cognoscimus
1129 2472 1174 2481 -
1189 2439 1363 2497 Aristotelis
1380 2439 1500 2497 ratione
1587 2469 1588 2514 χ

219 2543 289 2584 esse
323 2525 582 2601 interpretandum
612 2527 802 2586 Immischius
834 2529 1056 2586 demonstravit
1083 2528 1102 2585 1.
1126 2545 1150 2585 s.
1175 2545 1199 2585 s.
1228 2544 1255 2601 p.
1277 2528 1341 2585 259
1370 2529 1402 2586 et
1425 2527 1499 2586 263.

218 2616 302 2686 Quae
326 2632 394 2672 cum
416 2616 462 2673 ita
485 2611 557 2686 sint,
582 2634 650 2674 mea
666 2616 786 2692 quidem
803 2617 955 2676 sententia
971 2614 1129 2696 ἀμίμητον
1153 2616 1246 2673 aliurn
1267 2633 1391 2674 sensum
1407 2617 1502 2675 habet

219 2705 286 2762 loco
310 2703 362 2762 illo
385 2704 493 2774 Procli,
527 2705 619 2763 alium
643 2706 674 2763 in
696 2708 832 2764 tractatu
856 2705 979 2763 coislin.
1025 2705 1139 2762 Tamen
1162 2722 1271 2763 censeo
1296 2706 1411 2781 optimo
1434 2707 1500 2763 iure

218 2793 317 2851 Procli
344 2795 440 2851 verba
471 2797 649 2869 argumento
681 2813 750 2853 esse
782 2812 876 2870 posse
908 2795 938 2852 in
970 2797 1105 2852 tractatu
1129 2794 1219 2854 corsi
1243 2794 1317 2852 illud
1341 2793 1500 2874 ἀμίμητος

218 2885 302 2940 recto
326 2885 408 2940 stare
431 2883 495 2941 talo
520 2887 551 2941 et
573 2884 648 2941 illud
670 2881 822 2963 μιμητική
848 2900 916 2941 csse
940 2883 1167 2958 praeferendum
1191 2884 1234 2942 illi
1257 2881 1387 2963 μιμητή.
1448 2877 1450 2883 ⁴

326 2970 390 3029 lam
413 2971 450 3029 de
473 2972 548 3030 artis
572 2974 710 3048 poeticae
726 2973 889 3046 partitione
904 2973 993 3031 nobis
1010 2973 1067 3031 erit
1081 2973 1239 3048 agendum.
1280 2973 1379 3031 Primo
1397 2975 1501 3030 autem

219 3061 287 3118 loco
311 3063 574 3119 commemoranda
597 3065 670 3120 sunt
685 3061 824 3119 Platonis
841 3063 935 3120 verba
950 3063 981 3119 in
997 3064 1040 3120 rei
1056 3063 1137 3139 publ.
1154 3062 1205 3121 lib.
1221 3062 1262 3120 llI
1278 3081 1306 3138 p.
1324 3061 1421 3120 394ss
1432 3079 1499 3136 sqq.

218 3149 342 3216 tradita,
368 3166 457 3224 quem
480 3150 580 3209 locum
597 3151 765 3209 exscribere
782 3167 861 3225 opus
877 3168 939 3208 non
955 3152 1010 3219 est,
1037 3152 1214 3225 praesertim
1231 3169 1299 3209 curn
1316 3151 1356 3208 sit
1372 3149 1500 3207 notissi-

219 3256 288 3296 mus
319 3240 350 3296 et
381 3256 474 3313 supra
495 3239 594 3297 Procli
625 3241 719 3297 verba
751 3240 814 3297 sint
843 3239 950 3307 allata,
982 3239 1035 3314 qui
1057 3240 1195 3299 Platonis
1223 3240 1322 3297 locum
1345 3239 1500 3296 tractavit.

220 3327 357 3386 Ceterum
388 3328 528 3386 conferas
558 3328 649 3386 velim
677 3328 880 3386 Immischium
904 3328 922 3385 l.
939 3346 963 3386 s.
980 3345 1005 3385 s.
1029 3346 1057 3402 p.
1075 3328 1148 3386 259.
1194 3327 1280 3385 Hanc
1310 3330 1413 3384 autem
1444 3328 1500 3384 tri·

220 3417 413 3492 partitionem
437 3417 565 3475 inveniri
588 3417 748 3494 praecipue
772 3417 852 3492 apud
879 3434 932 3475 eos
957 3419 1108 3483 auctores,
1142 3417 1194 3491 qui
1217 3417 1319 3492 poesis
1343 3415 1501 3474 bucolicae

220 3506 333 3563 habent
348 3506 505 3575 rationem,
530 3507 609 3564 idem
625 3507 698 3564 dicit
720 3507 740 3567 l.
756 3524 780 3566 s,
797 3525 821 3564 s
838 3524 866 3581 p.
884 3505 957 3565 262.
995 3506 1097 3563 Veluti
1113 3505 1258 3581 scriptum
1274 3506 1401 3579 legimus
1418 3505 1501 3579 apud

220 3595 385 3669 Zieglerum
415 3595 447 3652 in
471 3594 589 3654 Codicis
612 3595 808 3654 Ambrosiani
832 3595 905 3654 222.
937 3594 1062 3654 scholiis
1093 3595 1124 3652 in
1148 3594 1339 3652 Theocritum
1363 3594 1426 3668 p.2
1452 3594 1501 3670 (ci.
1585 3633 1586 3654 .

221 3684 405 3741 Ahrensium
427 3685 540 3759 proleg.
564 3685 712 3743 Theocrit.
737 3703 767 3760 p.
783 3683 827 3760 7l:
850 3687 937 3744 πᾶσα
959 3681 1085 3764 ποίησις
1107 3687 1189 3762 τρεῖς
1212 3682 1276 3763 ἔχει
1298 3686 1502 3761 χαρακτῆρας
1585 3681 1586 3754 l

221 3769 458 3851 διηγηματικόν,
493 3770 688 3853 δραματικὸν
718 3770 773 3833 καὶ
803 3770 923 3851 μικτόν.
968 3769 1005 3832 τὸ
1038 3769 1072 3832 δὲ
1095 3769 1289 3852 βουκολικὸν
1311 3775 1414 3850 μῖγμα
1438 3768 1502 3831 ἐστὶ

219 3858 338 3928 παντὸς
369 3858 474 3928 εἴδους
504 3860 654 3941 καθάπερ
685 3859 946 3940 συγκεκραμένον
970 3878 977 3890 ·
1002 3858 1051 3920 διὸ
1078 3858 1132 3920 καί
1154 3857 1354 3941 χαριέστεράν
1378 3858 1439 3920 ἐστι
1461 3863 1501 3939 τῇ

220 3948 358 4028 ποικιλίᾳ
380 3953 436 4029 τῆς
458 3949 614 4029 κράσεως,
638 3948 715 4011 ποτέ
737 3946 798 4029 μὲν
822 3947 1028 4028 συγκείμενον
1052 3947 1087 4010 ἐκ
1109 3945 1348 4030 διηγηματικοί),
1372 3945 1448 4009 ποτὲ
1465 3945 1501 4009 δὲ

220 4037 256 4099 ἐκ
280 4036 487 4118 δραματικοῦ,
510 4037 586 4100 ποτὲ
608 4037 642 4100 δὲ
659 4037 694 4100 ἐκ
709 4041 833 4118 μικτοῦ,
858 4036 958 4116 ἤγουν
976 4036 1206 4118 διηγηματικοῦ
1222 4035 1276 4099 καὶ
1293 4035 1500 4117 δραματικοῦ,

221 4126 272 4188 ὁτὲ
303 4125 338 4188 δὲ
361 4125 409 4195 ὡς
432 4128 471 4188 ἂν
493 4127 582 4208 τύχη.
627 4127 672 4194 εἰς
695 4123 772 4188 ὅσον
797 4124 830 4186 δ’
855 4123 923 4186 οἷόν
946 4125 979 4187 τέ
1002 4125 1072 4198 ἐστι,
1095 4125 1133 4188 τὸ
1155 4131 1220 4189 τῶν
1244 4125 1408 4206 ἀγροίκων
1431 4123 1499 4206 ἤδη

220 4215 418 4296 έκμάσσεται,
441 4220 585 4296 τερπνῶς
607 4215 692 4277 πάνυ
715 4212 790 4282 τοὺς
812 4219 851 4295 τῇ
874 4213 1021 4295 ἀγροικίᾳ
1044 4213 1264 4295 σκυθρωποὺς
1286 4213 1340 4275 καί
1358 4212 1414 4276 τὸν
1429 4213 1502 4296 βίον

219 4391 221 4394 ¹
284 4395 286 4403 .
329 4429 347 4495 ²)
367 4426 404 4483 ci.
416 4401 585 4481 Pinslerum:
604 4425 687 4480 Plato
700 4424 758 4480 und
772 4424 816 4478 die
835 4423 1042 4480 aristotelische
1054 4423 1165 4479 Poetik.
1184 4423 1342 4496 bipartuo
1358 4441 1384 4495 p.
1400 4422 1503 4495 l‘lsqq.

221 4500 250 4552 et
268 4496 459 4553 Immischium
478 4499 494 4552 l.
508 4513 531 4552 s.
543 4514 565 4552 s.
584 4513 611 4568 p.
625 4496 687 4552 259.
