3190 4944
726 253 949 311 ,15-

210 481 214 490 .
285 431 385 490 θυαε
417 431 490 507 quia
520 431 617 489 multa
648 431 874 506 disputavimus
907 432 943 490 de
958 431 1167 506 -spoematibus
1197 434 1227 489 et
1249 431 1361 501 metris,
1395 433 1479 492 ¹com·

198 521 424 578 memorandum
447 520 478 578 in
494 519 577 579 calce
593 521 667 595 quia
682 523 842 596 poematos
859 537 969 594 genera
985 523 1059 578 sunt
1074 521 1147 579 tria.
1177 523 1233 578 aut
1249 521 1328 579 enim
1343 521 1480 580 activum

198 609 248 667 vel
279 610 471 678 imitativum,
506 610 588 686 quod
612 610 719 668 Graeci
743 609 932 667 dramaticon
954 609 1004 667 vel
1027 609 1200 668 mimeticon
1224 609 1391 684 appellant;
1424 612 1481 668 aut

199 699 413 765 enarrativum,
438 699 520 774 quod
536 699 643 756 Graeci
668 699 894 772 exegematicon
914 698 964 756 vol
980 699 1191 773 apangelticon
1207 701 1398 774 nuncupant;
1423 701 1481 757 aut

199 795 356 846 commune
371 787 420 845 vel
436 788 571 856 mixtum,
595 788 676 862 quod
694 787 801 845 Graeci
818 804 933 846 coenon
948 787 998 846 vel
1014 787 1127 845 micton
1142 791 1264 849 vocant.
1289 787 1478 846 dramaticon

198 880 247 934 est
269 877 318 934 vel
341 877 484 944 activum,
517 877 549 933 in
572 894 632 951 quo
657 892 806 950 personae
828 876 988 952 loquentes
1020 877 1255 935 introducuntur
1278 877 1343 935 sine
1367 880 1484 952 poetae

197 965 438 1034 interlocutione,
471 968 507 1022 ut
538 983 571 1023 se
595 966 709 1023 habent
730 966 907 1038 tragoediae
931 969 963 1022 et
984 965 1121 1024 fabulae:
1153 966 1259 1024 drama
1281 967 1361 1024 enim
1383 966 1479 1024 latine

197 1054 304 1116 tabula
327 1054 449 1112 dicitur:
474 1071 534 1130 quo
557 1071 665 1128 genere
689 1054 804 1130 scripta
827 1057 887 1113 est:
913 1091 915 1096 -

311 1160 371 1218 quo
395 1145 426 1201 te
441 1143 534 1200 Moeri
555 1144 670 1218 pedes?
694 1161 734 1200 an
758 1161 819 1218 quo
835 1143 888 1201 via
903 1143 987 1200 ducit
1008 1143 1040 1200 in
1063 1143 1191 1201 urbem?
1230 1161 1291 1219 quo
1315 1143 1398 1219 apud
1421 1159 1479 1202 nos

198 1249 304 1306 genere
336 1233 457 1291 cantica
488 1232 675 1290 canticorum
706 1232 821 1307 scripta
852 1235 932 1300 sunt,
966 1231 1019 1289 uhi
1041 1249 1104 1290 vox
1128 1232 1282 1290 alternans
1307 1232 1418 1290 Christi
1448 1235 1479 1290 et

199 1322 345 1380 ecclesiae
369 1321 493 1379 tametsi
516 1338 578 1378 non
603 1317 678 1400 [hoc]
703 1321 926 1397 interloquente
953 1321 1099 1396 scriptore
1130 1321 1290 1379 manifeste
1323 1321 1478 1397 reperitur.

198 1410 424 1483 exegematicon
449 1413 497 1468 est
511 1409 561 1467 vel
585 1410 797 1479 enarrativum,
823 1410 854 1468 in
871 1427 931 1484 quo
948 1412 1040 1485 poeta
1062 1410 1128 1484 ipse
1144 1409 1280 1485 loquitur
1295 1410 1360 1470 siue
1383 1409 1484 1468 ullius

197 1499 428 1574 interpositione
451 1516 609 1574 personae,
642 1502 678 1556 ut
708 1517 741 1558 sa
772 1500 886 1557 hahent
908 1501 971 1557 tres
995 1499 1062 1557 libri
1090 1500 1221 1574 georgici
1244 1500 1302 1557 toti
1327 1501 1357 1556 et
1380 1497 1485 1574 prima.

197 1606 268 1662 pars
293 1587 404 1663 quarti,
429 1588 501 1646 item
516 1587 648 1645 Lucretii
671 1589 805 1646 carmina
829 1588 930 1646 ethis
954 1588 1073 1646 similia
1098 1606 1159 1663 quo
1182 1605 1291 1662 genere
1315 1588 1397 1662 apud
1419 1603 1478 1646 n‘os

198 1677 330 1752 scriptae
354 1679 426 1734 sunt
449 1677 616 1752 parabolae
639 1677 811 1735 salamonis
834 1678 866 1735 et
889 1677 1091 1745 ecclesiastae,
1123 1694 1201 1752 quae
1225 1677 1254 1733 in
1280 1695 1339 1734 sua
1361 1677 1476 1750 lingua,

198 1766 279 1824 sicut
312 1768 342 1822 et
372 1765 558 1840 psalterium,
595 1770 690 1825 metro
722 1769 845 1824 constat
877 1783 946 1824 esse
979 1766 1161 1840 conscripta.
1201 1783 1317 1824 coenon
1349 1767 1401 1823 est
1428 1766 1478 1824 vel

198 1854 319 1921 micton,
344 1855 451 1929 inquo
476 1857 568 1930 poeta
590 1856 656 1929 ipse
679 1855 815 1930 loquitur
838 1857 869 1913 et
884 1872 1033 1929 personae
1056 1855 1216 1929 loquentes
1233 1855 1476 1922 introducuntur,

198 1946 233 2000 ut
263 1945 337 2002 sunt
367 1944 482 2019 scripta
504 1943 575 2001 ilias
599 1947 631 2001 et
653 1944 792 2019 Odyssea
814 1944 936 2002 Homeri
960 1947 990 2002 et
1012 1943 1163 2008 Aeneidos
1187 1943 1303 2016 Virgilii
1335 1947 1366 2000 et
1394 1945 1478 2018 apud

197 2050 255 2090 nos
279 2032 408 2091 historia
431 2033 513 2091 beati
535 2032 602 2094 Job.
629 2034 770 2116 quamvis
795 2033 870 2090 haec
901 2033 931 2090 in
956 2051 1014 2091 sua
1037 2033 1141 2106 lingua
1168 2050 1230 2091 non
1254 2035 1322 2091 tota
1345 2033 1476 2107 poetico,

90 2192 92 2196 Ι
197 2121 252 2179 sed
275 2121 384 2196 partim
412 2121 571 2187 rhetorico,
604 2123 714 2197 partim
745 2123 868 2180 metrico
891 2122 941 2180 vel
972 2122 1140 2196 rhythmico
1175 2122 1289 2196 scripta
1320 2120 1477 2180 sermone?

197 2210 333 2285 Denique
357 2210 513 2280 hocloco,
539 2211 612 2287 quia
640 2211 712 2268 alibi
744 2214 815 2286 apte
838 2211 903 2268 ficri
930 2228 993 2268 non
1016 2213 1128 2285 potest,
1154 2228 1363 2278 commemoro,
1397 2227 1477 2285 quae

195 2299 227 2357 in
251 2299 400 2373 excerptis
423 2300 628 2374 grammaticis
653 2300 718 2358 ch.
735 2300 784 2358 Vl.
801 2318 829 2374 p.
846 2299 911 2357 274
930 2299 1005 2357 Keil.
1030 2300 1145 2374 scripta
1167 2299 1309 2373 legimus:
1334 2316 1477 2374 ,poeseos

197 2405 310 2461 genera
333 2390 405 2445 sunt
428 2389 496 2457 tria,
522 2389 653 2456 actuale,
679 2390 876 2458 narrativum‚
901 2389 1137 2446 coniunctivum.
1167 2388 1288 2446 actuale
1312 2390 1368 2455 est,
1395 2385 1478 2463 quod

197 2477 303 2535 Graeci
334 2476 488 2536 drasticon
520 2477 641 2536 dicunt*
688 2477 832 2536 Fortasse
863 2478 939 2536 haec
970 2495 1091 2553 quoque
1122 2479 1216 2535 verba
1246 2478 1416 2553 depravata
1440 2494 1478 2534 ex
1586 2533 1587 2542 ,

195 2565 350 2624 Diomedis
374 2566 513 2624 doctrina
536 2571 724 2627 emanarunt.

307 2655 371 2712 lam
406 2656 462 2712 erit
496 2657 645 2729 agendum
680 2656 717 2713 de
752 2659 816 2713 arte
851 2656 972 2731 poetica
1005 2655 1173 2730 bipartita..
1216 2656 1312 2726 Quam
1347 2655 1477 2730 primum

195 2744 388 2802 Aristotelem
422 2745 453 2801 in
488 2749 553 2804 arte
585 2749 664 2821 poet.
694 2763 717 2802 c.
736 2746 764 2803 3.
783 2744 866 2802 1448
885 2744 959 2802 a20
970 2762 1035 2819 sqq.
1059 2745 1223 2818 protulisse
1259 2745 1337 2801 inter
1370 2761 1476 2801 omnes

197 2827 356 2914 constat.²)
401 2834 575 2892 Aristotelis
608 2836 711 2891 autem
740 2833 872 2907 vestigia
894 2836 1073 2908 persecutus
1105 2836 1154 2891 est
1184 2835 1293 2891 auctor
1322 2835 1477 2890 tractatus

198 2921 321 2980 Goislin.
372 2922 431 2980 Sed
463 2923 531 2981 aliis
563 2941 685 2998 quoque
720 2923 795 2981 locis
831 2922 1012 2997 scriptorum
1046 2926 1182 2980 veterum
1218 2921 1321 2980 eadem
1355 2922 1478 2979 videtur

197 3013 325 3069 subesse
348 3010 494 3068 doctrina.
540 3012 709 3086 Dionysius
740 3011 817 3068 enim
850 3011 1088 3069 Halicarnaseus
1112 3008 1184 3089 περὶ
1212 3006 1416 3071 Θουκυδίδου
1434 3011 1475 3068 37

196 3100 255 3157 vol.
272 3101 284 3158 l
308 3118 335 3175 p.
353 3099 426 3165 388,
445 3100 493 3158 15.
528 3100 796 3158 Usener-Raderm.
813 3100 888 3157 haec
905 3101 989 3158 dicit:
1013 3097 1066 3159 καλ
1089 3099 1158 3160 κατ’
1175 3096 1277 3178 ἀρχὰς
1292 3095 1351 3177 μὲν
1368 3097 1404 3158 ἐκ
1420 3101 1477 3158 τοῦ

196 3185 278 3248 ἰδίου
309 3186 488 3266 προσώπου
521 3186 615 3268 δηλοῖ
641 3185 678 3248 τὰ
702 3186 852 3267 λεχθέντα
875 3186 932 3267 ὑφ’
965 3187 1136 3268 ἑκατέρων,
1169 3186 1219 3248 ἐπὶ
1241 3190 1317 3267 μιᾶς
1341 3184 1369 3247 δ’
1394 3184 1477 3247 ἀπο-

195 3275 332 3355 κρίσεως
361 3280 454 3337 τοῦτο
481 3274 517 3337 τὸ
545 3281 652 3356 σχῆμα
677 3275 868 3356 διατηρήσας
899 3274 934 3337 τὸ
966 3274 1203 3357 διηγηματικόν,
1234 3279 1482 3356 προσωποποιεῖ

194 3362 250 3426 τὸν
280 3362 358 3445 μετὰ
389 3370 485 3426 ταῦτα
514 3363 663 3444 διάλογον
693 3364 747 3426 καί
778 3364 960 3445 δραματίζει
990 3370 1021 3424 et
1045 3368 1086 3424 38
1110 3385 1137 3441 p.
1156 3366 1229 3433 390,
1245 3366 1277 3424 9:
1313 3362 1366 3424 καλ
1396 3361 1476 3444 μετὰ

195 3458 288 3514 τοῦτο
319 3452 524 3533 ἀποστρέψας
552 3447 612 3515 σοῦ’
642 3453 836 3535 διηγήματος
866 3452 921 3516 τὸν
952 3451 1101 3533 διάλογον
1133 3452 1184 3514 ἐπὶ
1213 3451 1249 3514 τδ
1281 3451 1478 3532 δραματικὸν

195 3547 290 3603 ταῦτα
321 3540 375 3604 τὸν
393 3541 570 3623 Ἀθηναῖον
599 3541 855 3624 ἀποκρινόμενον
887 3547 977 3604 ποιεῖ.
1025 3544 1140 3613 Quibus
1172 3561 1209 3601 ex
1241 3544 1317 3601 locis
1349 3545 1479 3617 apparet

196 3634 292 3708 primo
309 3652 336 3691 a.
353 3633 416 3690 Chr.
433 3652 461 3692 n.
486 3634 609 3692 saeculo
625 3634 799 3692 Aristotelis
815 3634 1008 3710 partitionem
1026 3650 1094 3691 esse
1110 3628 1314 3713 adhibitam.²)
1342 3632 1477 3690 Eandem

196 3726 297 3780 autem
315 3723 481 3781 doctrinam
504 3723 674 3781 invenimus
691 3724 721 3780 in
737 3723 840 3781 libello
861 3720 932 3800 περὶ
947 3719 1054 3801 ίίηιους
1070 3722 1099 3790 9,
1115 3722 1153 3780 13
1177 3740 1204 3796 p.
1223 3721 1274 3789 21,
1289 3717 1329 3780 3⁸
1344 3721 1476 3778 Vahlen:

196 3807 260 3870 ἀπὸ
285 3808 320 3870 δὲ
342 3815 397 3890 τῆς
420 3809 516 3891 αὐτῆς
539 3811 645 3881 αἰτίας,
670 3807 765 3891 οἶμαι,
785 3815 840 3890 τῆς
863 3809 923 3890 μὲν
941 3807 1074 3877 Ἰλιάδος
1098 3808 1305 3889 γραφομένης
1329 3807 1362 3870 έν
1386 3807 1484 3889 ἀκμῇ

195 3897 373 3979 πνεύματος
389 3897 463 3960 ὅλον
478 3898 513 3960 τὸ
530 3899 691 3980 σωμάτιον
706 3896 901 3979 δραματικὸν
924 3898 1117 3978 ὑπεστήσατο
1140 3897 1194 3958 καλ
1216 3897 1398 3977 ἐναγώνιον,
1421 3901 1478 3977 τής

196 3985 231 4048 δὲ
248 3985 436 4056 Ὀδυσσείας
457 3987 493 4049 τὸ
516 3988 612 4050 πλέον
629 3986 865 4069 διηγηματικόν,
890 3985 968 4066 ὅπερ
985 3985 1063 4047 ἴδιον
1080 3987 1198 4067 γήρως.
1237 3988 1348 4045 Eadem
1372 3991 1476 4046 autem

195 4079 313 4136 ratione
336 4079 517 4144 Plutarchus
540 4080 572 4137 in
595 4079 815 4149 Quaestionum
839 4077 1052 4135 convivalium
1075 4076 1139 4136 libr.
1156 4076 1225 4133 Vlll
1247 4073 1421 4156 πρόβλημα
1445 4073 1476 4155 η’

196 4168 299 4226 7110
325 4168 394 4242 (vol.
411 4169 452 4225 lV
475 4187 502 4244 p.
520 4169 583 4227 287
608 4163 806 4243 Bernadakis)
838 4167 875 4224 de
906 4166 1045 4224 Platonis
1077 4166 1206 4239 dialogis
1238 4165 1367 4224 iudicat:
1402 4163 1476 4225 ‘iore

196 4254 267 4334 γάρ’
291 4253 376 4317 εἶπεν
399 4255 455 4318 ‘dvi
478 4260 543 4317 τῶν
561 4253 739 4323 Πλάτωνος
762 4251 920 4334 διαλόγων
937 4251 1160 4334 διηγηματικοί
1179 4251 1258 4319 τινές
1278 4252 1362 4324 εἰσιν,
1387 4252 1417 4314 οἱ
1440 4251 1477 4314 δὲ

303 4467 321 4536 ²)
342 4467 376 4522 ci.
395 4463 585 4520 Immischium
603 4465 621 4517 l.
634 4480 656 4517 s.
670 4479 692 4518 s.
712 4480 738 4533 p.
751 4463 811 4517 259.

302 4538 322 4607 ⁸)
342 4537 379 4591 ci.
398 4536 552 4590 Usenarum
570 4535 650 4590 relat.
670 4534 748 4589 acad.
767 4534 836 4589 Bav.
857 4533 927 4588 1892
946 4551 972 4604 p.
985 4534 1048 4589 616.
