3190 4944
674 238 896 295 ..17-

138 411 328 494 δροματικοί
339 431 344 443 ’
357 412 480 475 τούτων
492 410 549 475 οὖν
560 418 626 474 τῶν
639 412 843 495 δραματικῶν
853 411 927 482 τοὺς
938 413 1172 495 ἐλαφροτάτους
1183 415 1421 478 ἐκδιδάσκονται

136 501 255 574 παῖδες,
280 501 355 564 ὥστ’
373 500 437 563 ἀπὸ
453 501 607 582 στόματος
621 501 739 581 λέγειν’.
776 505 1076 562 Commemorandum
1100 509 1147 562 est
1162 506 1220 564 hoc
1244 507 1312 565 loco
1337 507 1419 583 apud

136 593 331 651 Aristotelem
361 589 435 659 τοὺς
464 590 694 672 Σωκρατικοὺς
724 591 839 672 λόγους
871 595 997 652 eundem
1029 595 1164 652 obtinere
1195 595 1294 653 locum
1327 599 1420 671 atque

137 685 296 758 poetarum
320 678 448 764 opera.¹)
494 684 643 741 Aristides
668 697 789 758 quoque
814 683 1019 753 Quintilianus
1049 683 1081 740 in
1111 687 1176 741 arte
1206 686 1328 759 poetica
1358 703 1420 744 non

137 774 261 830 servata
292 772 418 828 eandem
451 772 643 846 partitionem
675 773 823 830 adhibuit
856 773 893 831 cl.
916 768 988 850 περὶ
1009 776 1168 852 μουσικῆς
1191 773 1224 841 ΙΙ,
1251 791 1278 848 p.
1297 774 1348 840 53,
1363 774 1418 833 13:

135 858 210 938 περί
230 881 265 938 γε
287 857 353 939 μήν
376 863 441 920 τῶν
463 857 654 921 ὑποθέσεων
676 858 730 920 καὶ
752 863 817 920 τῶν
840 858 1033 940 κεφαλαίων,
1059 859 1105 928 οἷς
1127 859 1182 928 τὰς
1195 861 1343 942 μιμήσεις
1366 861 1420 923 καὶ

136 946 311 1028 ἀφηγήσεις
325 947 523 1028 τεταγμένως
537 947 750 1029 ποιησόμεθα,
774 949 808 1010 ἐν
829 952 876 1028 τῷ
899 948 970 1029 περὶ
992 955 1156 1030 ποιητικῆς
1178 949 1254 1030 ήμῖν
1277 949 1420 1031 ἀκριβῶς

136 1037 275 1117 εἴρηται·
293 1033 332 1117 ής
353 1036 435 1118 μέρη
459 1035 519 1117 μὲν
541 1037 672 1119 μίμησις
694 1037 747 1098 καλ
771 1037 921 1119 διήγησις,
944 1037 1066 1099 τούτων
1091 1036 1126 1100 δὲ
1149 1038 1299 1119 ἑκατέρας
1320 1037 1419 1119 μόρια

136 1125 301 1207 ήδοποιίοι
330 1148 362 1187 τε
388 1125 442 1188 καὶ
470 1125 657 1208 διηγήματα,
682 1127 703 1187 δ
726 1125 887 1208 πολλαχοῦ
918 1126 995 1188 καθ’
1028 1125 1123 1188 ἑαυτὰ
1153 1127 1239 1208 μόνα
1270 1126 1418 1208 γινόμενα

135 1213 203 1295 εἴδη
234 1237 266 1276 τε
296 1214 351 1277 καὶ
372 1215 532 1295 ποιήματα
560 1214 866 1298 προσαγορεύεταιλ)
911 1219 974 1276 Iam
1006 1219 1166 1276 veniamus
1197 1219 1236 1275 ad
1267 1219 1416 1285 Proolum,

136 1323 226 1380 quem
249 1305 387 1363 Platonis
418 1307 612 1381 partitionem
643 1307 673 1363 in
707 1306 947 1364 chrestomathia
979 1325 1038 1364 sua
1068 1307 1211 1364 attulisse
1243 1324 1338 1382 supra
1365 1325 1418 1366 ex-

134 1395 305 1470 posuimus.
352 1395 445 1452 Cuius
477 1396 658 1453 sententiam
680 1396 801 1454 videtur
832 1413 894 1453 non
921 1396 1110 1469 probavisse.
1157 1396 1308 1470 Scriptum
1324 1388 1418 1454 ‘enirn

134 1483 263 1554 legimus
288 1485 318 1541 in
343 1484 436 1542 schol.
453 1484 546 1542 Lond.
563 1485 610 1541 ad.
626 1485 750 1559 Dionys.
768 1485 872 1544 Thrac.
896 1503 924 1560 p.
940 1484 1014 1552 450,
1028 1485 1047 1542 8
1063 1484 1112 1542 H.:
1136 1482 1203 1564 εἴδη
1227 1488 1283 1545 τοῦ
1308 1483 1417 1565 διηγη-

133 1575 270 1651 ματικοῢ
293 1570 347 1632 καὶ
361 1576 474 1652 μικτοῦ
497 1572 631 1651 τέσσαρα
656 1571 775 1644 ε’πικόν,
800 1571 986 1651 ἒλεγειοκδν,
1010 1571 1169 1652 ἴαμβικόν,
1192 1571 1322 1654 μελικόν
1339 1591 1345 1604 ·
1362 1577 1418 1636 τοῦ

135 1658 333 1741 δραματικοῦ
364 1659 430 1741 εἴδη
462 1661 531 1740 τρία
561 1661 720 1741 τραγικόν,
758 1660 916 1741 κωμικόν,
948 1659 1125 1741 σατυρικόν.
1178 1663 1255 1721 Hinc
1286 1663 1420 1721 efficitur

134 1750 276 1808 Proolum
300 1751 438 1809 Platonis
462 1753 631 1811 doctrinam
655 1771 723 1810 cum
746 1753 911 1810 Aristotele
936 1748 1170 1830 coniunxisse.⁸)

244 1841 394 1909 Quattuor
417 1843 519 1898 autem
544 1841 614 1899 illae
638 1843 756 1916 generis
780 1842 971 1915 diegematici
1004 1842 1121 1915 species
1146 1858 1183 1898 ex
1206 1841 1418 1916 Peripateticis

134 1927 246 1986 studiis
271 1929 342 1985 mihi
365 1930 507 1987 videntur
530 1948 700 1990 emanasse.
740 1931 872 1987 Primum
896 1931 982 1996 enim,
1008 1933 1155 2005 quantum
1175 1929 1274 2006 vitlem
1299 1931 1417 1988 inveni-

133 2020 228 2075 untur
250 2019 332 2092 apud
356 2018 516 2076 Horatium
539 2019 570 2076 in
595 2021 660 2076 arte
684 2023 764 2094 poet.
788 2038 815 2077 v.
834 2014 993 2099 73sqq.⁴):

349 2107 409 2164 Hes
433 2115 538 2181 gestae
562 2120 726 2183 regumque
749 2109 920 2183 ducumque
945 2107 1048 2165 tristia
1071 2108 1151 2165 bella

350 2198 414 2266 Quo
439 2197 530 2254 scribi
553 2199 681 2271 possent
703 2213 836 2264 numero,
863 2197 1047 2254 monstravit
1069 2196 1228 2254 Homerus.

277 2286 327 2343 75.
351 2285 498 2343 Versibus
522 2286 677 2361 impariter
699 2285 812 2343 iunctis
837 2286 1026 2360 querimonia
1049 2285 1186 2359 primurn,

348 2375 425 2432 Post
448 2375 539 2432 etiam
562 2375 683 2432 inclusa
706 2377 755 2432 est
777 2375 843 2432 voti
867 2375 1020 2432 sententia
1043 2391 1181 2449 compos;

349 2463 422 2534 Quis
445 2466 549 2522 tamen
572 2464 698 2538 sulguos
722 2463 824 2538 elegos
850 2463 985 2521 emiserit
1008 2464 1124 2531 auctor,

349 2552 545 2611 Grammatici
568 2555 688 2611 certant
711 2555 742 2611 et
765 2554 864 2611 adhuc
888 2554 945 2609 sub
969 2552 1068 2610 iudice
1091 2552 1129 2610 lis
1154 2555 1210 2610 est.

347 2641 559 2700 Archilochum
582 2642 704 2718 proprio
727 2643 828 2700 rabies
853 2642 983 2699 armavit
1006 2641 1121 2709 iamb03

273 2730 324 2789 80.
347 2730 434 2787 Hunc
459 2732 540 2788 socci
564 2749 669 2806 cepere
692 2732 798 2807 pedem
821 2731 1013 2805 grandesque
1037 2731 1185 2797 cothurni,

347 2819 480 2877 Alternis
506 2823 611 2895 aptum
636 2822 826 2878 sermonibus
851 2824 882 2878 et
905 2820 1063 2895 popularis

347 2908 523 2966 Vincentem
546 2910 693 2984 strepitus
718 2913 748 2968 et
770 2913 876 2968 natum
899 2910 991 2967 rebus
1015 2909 1149 2982 agendis.

346 2997 438 3054 Musa
461 2999 544 3054 dedit
566 2999 680 3056 fidibus
705 2999 793 3057 divos
817 3015 990 3074 puerosque
1015 2999 1139 3056 deorum

347 3087 385 3144 Et
407 3087 538 3162 pugilem
561 3088 707 3145 victorem
731 3090 761 3145 et
784 3105 895 3164 equurn
919 3087 1081 3146 certamine
1105 3087 1232 3161 primum

272 3175 322 3234 85.
346 3176 383 3232 Et
406 3177 550 3233 iuvenum
574 3193 663 3234 curas
688 3180 718 3234 et
741 3177 838 3235 libera
861 3177 934 3235 vina
956 3177 1073 3234 reterre.

132 3266 270 3323 Adnotat
292 3268 392 3322 autem
409 3265 600 3340 Phorphyrio
624 3265 663 3322 ad
688 3283 810 3322 versum
828 3266 882 3323 73:
908 3266 1023 3340 ,incipit
1046 3282 1126 3322 nunc
1149 3264 1234 3338 loqui
1258 3263 1294 3320 de
1318 3264 1415 3321 omni-

130 3358 190 3413 bus
215 3355 328 3421 metris,
358 3354 395 3412 de
419 3355 504 3430 epico
530 3353 665 3428 elegiaco
689 3372 724 3411 ac
748 3355 888 3412 iambico‘
914 3358 945 3412 et
968 3355 1007 3412 ad
1030 3371 1152 3412 versum
1177 3353 1232 3411 83:
1265 3370 1355 3421 ‚nunc
1378 3353 1414 3410 de

129 3444 226 3520 lyrico
258 3444 388 3500 carmine
412 3443 555 3518 loquitur.
591 3461 652 3517 quo
684 3445 778 3501 metro
810 3444 947 3500 scribunt
978 3447 1033 3501 aut
1063 3443 1188 3500 heroum
1219 3442 1326 3500 laudes
1360 3444 1415 3500 aut

131 3531 427 3608 Olympionicarum!
466 3532 608 3606 Idemque
623 3532 790 3606 Porphyrio
814 3533 845 3588 in
861 3533 1061 3589 adnotatione
1085 3532 1124 3588 ad
1140 3531 1268 3606 primurn
1292 3547 1415 3589 versum

1 3610 3 3617 ’
116 3623 207 3680 -artis
232 3624 311 3697 poet.
333 3622 506 3695 conscripta
521 3621 753 3696 Neoptolemum
769 3621 932 3678 Parianum
948 3619 1067 3679 Horatii
1091 3623 1245 3677 auctorem
1269 3620 1413 3678 nominat.

130 3711 226 3780 Quem
250 3711 280 3767 in
305 3710 575 3785 Peripateticorum
606 3727 731 3767 numero
764 3727 831 3767 esse
859 3710 1031 3767 habendum
1063 3726 1130 3766 cum
1154 3708 1302 3766 Meinekio
1327 3709 1413 3767 Anal.

128 3800 215 3858 Alex.
239 3816 267 3872 p.
289 3798 353 3856 360
385 3799 522 3873 equidem
556 3799 665 3856 iudico
721 3799 851 3872 Scripsit
887 3799 965 3855 enim
1000 3795 1072 3876 περὶ
1102 3795 1287 3876 ἀοτεϊσμῶν,
1323 3811 1426 3873 quam*

129 3888 291 3946 materiam
314 3887 495 3945 Aristoteles
519 3889 585 3963 ipse
617 3889 648 3944 in
681 3891 745 3945 arte
775 3889 850 3944 rhet.
874 3887 979 3945 liblll
1002 3886 1085 3944 c.10
1109 3890 1141 3944 et
1167 3887 1202 3943 ll
1230 3881 1413 3966 tractavit.)

240 4097 257 4163 ¹)
278 4112 331 4151 ars.
350 4096 425 4164 poet.
445 4094 496 4148 (tl
517 4111 543 4164 p.
559 4094 629 4148 1447
648 4095 705 4150 bl:
731 4089 806 4146 οὐδὲν
830 4092 880 4162 γὰρ
905 4097 938 4146 ἂν
961 4093 1064 4162 ἔχοιμεν
1088 4093 1219 4161 ὀνομάσω
1243 4091 1332 4146 κοινὸν
1355 4095 1415 4150 τοδε

128 4165 177 4219 Σώ
199 4185 274 4238 ρονοε
291 4169 336 4217 καὶ
349 4163 476 4234 Ξενάρχσυ
493 4165 589 4232 μίμους
605 4170 651 4217 καὶ
668 4166 728 4221 τοδε
739 4167 924 4236 Σωκρατικοδς
936 4162 1032 4234 λόγους,
1052 4161 1111 4218 οὐδὲ
1123 4163 1198 4220 εἴτις
1211 4160 1256 4216 διὰ
1267 4167 1415 4236 τριμέτρων

127 4239 149 4304 ἢ
165 4235 178 4290 ε’
221 4237 282 4341 εήιιν
293 4239 317 4362 fh*
332 4233 585 4362 ηιήὲἕλὲήηίιηῃηιηῶέ
603 4241 657 4362 ζῶν
674 4236 800 4362 τὲηοέλτων
817 4237 923 4290 ποιοῖτο
941 4238 989 4302 τὴν
1006 4238 1124 4305 μίμησιν.

238 4316 257 4447 ’ἴ
277 4325 315 4435 δῖ.
332 4380 523 4462 lmmischium
541 4351 559 4433 l.
572 4351 595 4435 s.
608 4352 630 4434 s..
646 4326 749 4461 1phil:

237 4451 257 4520 4γ
277 4451 314 4506 ci.
333 4452 489 4506 Kaihelrum
508 4468 536 4504 m
555 4452 761 4521 prolegomenis
778 4455 841 4521 περὶ
859 4446 996 4517 κωμῳδίας
1014 4467 1040 4522 p·
1053 4451 1086 4505 cl
1107 4451 1173 4512 adn.
1187 4450 1212 4509 1.

237 4524 258 4590 ⁶)
277 4522 312 4579 cf.
332 4522 496 4578 Amdtinm:
516 4521 678 4577 deridiculi
697 4523 826 4578 doctrina
845 4523 917 4577 rhet.
937 4540 963 4593 p.
976 4523 1061 4592 4sqq.

183 4619 286 4674 Kayser.
1216 4611 1234 4664 2
