3190 4944
743 235 965 293 -72-

211 412 329 471 Similia
351 415 452 470 autem
468 412 549 487 apud
567 411 708 470 Taetzam
730 413 859 470 inveniri
883 414 1018 487 apparet.
1050 412 1084 469 ln
1107 412 1232 470 scholiis
1257 413 1296 470 ad
1311 412 1495 486 Dionysium

211 502 355 559 Thracem
379 520 399 558 a
413 501 602 575 Melampode
627 519 683 558 seu
698 501 844 558 Diomede
869 501 1047 575 compositis
1064 518 1126 558 vox
1149 498 1310 579 τραγῳδία
1326 502 1385 559 hoc
1402 502 1494 559 modo

211 591 364 648 derivatur
386 608 414 665 p.
435 590 589 665 18,3sqq.
602 590 651 647 H.:
672 585 718 647 ‘H
737 587 771 650 δὲ
794 586 981 668 ἕτυμολογία
1004 594 1059 669 τῆς
1081 588 1261 668 τραγῳδίας
1284 587 1364 649 ἐστὶν
1389 588 1468 670 αὕτη
1487 607 1493 618 ·

210 679 230 758 ἢ
263 677 308 738 ὅτι
338 677 454 758 τράγον
484 676 666 758 ἐλάμβανον
701 677 843 740 έπαδλον
874 677 906 738 οῖ
935 681 1092 749 νικῶντες,
1128 676 1224 739 οἱονεὶ
1255 677 1274 758 ἡ
1304 676 1354 738 ἐπὶ
1384 677 1495 757 τράγῳ

210 765 281 847 ᾠδή
299 768 341 847 .ἢ
366 766 411 827 ὅτι
439 771 494 828 τοῦ
518 766 538 828 ᾶ
561 767 759 846 τρεπομένου
791 767 833 834 εἷς
856 767 875 828 υ
899 771 1012 828 νοεῖται
1039 764 1207 846 τρυγῳδία,
1237 764 1293 834 τὰς
1316 766 1408 847 ὄψεις
1432 764 1494 847 γὰρ

155 855 158 861 ’
209 855 420 936 περιχρίοντες
441 855 552 935 τρυγίᾳ
574 853 663 936 ᾖδον.
688 857 707 936 ἢ
729 855 775 918 ὅτι
794 860 849 917 τοῦ
872 856 889 936 γ
910 855 953 938 εἰς
968 855 988 935 χ
1004 861 1117 917 νοεῖται
1132 854 1303 935 τραχῳδία,
1329 855 1493 936 ἡτραχεῖα

210 944 280 1026 ᾠδή
298 992 304 1006 .
320 943 511 1029 τραχύτερον
527 942 588 1024 γάρ
604 943 658 1005 καὶ
674 950 845 1024 φευκταῖον
868 942 921 1005 καὶ
946 943 1103 1025 δύσβατον
1122 942 1158 1005 τὸ
1178 948 1243 1006 τῶν
1258 943 1393 1025 θρήνων
1411 942 1495 1012 εἶδος

208 1038 265 1095 τοῦ
297 1032 515 1113 γελωτοποιεῖν
531 1034 573 1113 ’ἢ
599 1033 694 1095 οἱονεί
721 1032 962 1114 τετραγωνῳδίσ
979 1051 985 1065 ·
1003 1033 1034 1094 οῖ
1056 1031 1117 1113 γὰρ
1145 1032 1292 1114 χορευταὶ
1323 1033 1430 1094 αὐτῶν
1463 1033 1495 1094 ἒν

208 1123 398 1203 τετραγώνῳ
422 1123 557 1203 σχήματι
580 1122 739 1202 ἱστάμενοι
761 1121 798 1183 τά
822 1126 886 1183 τῶν
908 1126 1066 1203 τραγικῶν
1089 1120 1343 1206 ἒπεδείκνυντοδ)
1382 1124 1495 1182 Eadem

209 1213 272 1272 iere
296 1214 411 1289 scripta
438 1213 580 1286 leguntur
602 1214 634 1271 in
656 1214 753 1288 Etym.
777 1214 814 1272 M.
839 1232 863 1270 a.
885 1232 913 1271 v.
937 1210 1097 1292 τραγῳδία
1123 1213 1303 1288 764,lsqq.
1344 1213 1494 1287 Imprimis

211 1306 313 1361 autem
336 1304 413 1360 haec
437 1305 509 1360 sunt
531 1304 626 1359 verba
650 1303 872 1360 consideranda
895 1302 1094 1377 lin.10sqq.:
1119 1297 1158 1380 ἦν
1179 1298 1264 1362 δὲτὸ
1281 1300 1386 1380 ὄνομα
1401 1305 1495 1362 τούτο

209 1387 318 1452 κοινὸν
340 1388 394 1451 καὶ
416 1387 499 1467 πρὸς
522 1388 578 1470 τὴν
600 1388 779 1470 κωμῳδίαν
796 1408 801 1422 ·
819 1389 884 1451 ἐπεὶ
900 1390 993 1452 οὔπω
1012 1388 1182 1469 διεκέκριτο
1202 1387 1239 1450 τά
1260 1395 1315 1469 τῆς
1333 1389 1496 1469 ποιήσεως

210 1479 368 1559 ἑκατέρας.
408 1480 523 1550 Quibus
548 1497 585 1537 ex
608 1480 684 1538 locis
702 1481 841 1548 efficitur,
867 1485 903 1538 ut
923 1480 1064 1538 anecdoti
1080 1481 1143 1538 Est.
1165 1480 1303 1538 doctrina
1323 1482 1495 1538 manaverit

210 1588 248 1629 ex
272 1571 316 1628 eis
332 1569 471 1626 fontibus
489 1571 581 1644 atque
597 1587 650 1644 per
667 1588 720 1628 eos
736 1570 862 1634 rivulos,
889 1571 925 1628 de
943 1571 1054 1645 quibus
1077 1569 1234 1644 copiosius
1257 1570 1319 1642 egit
1334 1569 1494 1627 Kaibelius

210 1660 241 1716 in
265 1658 487 1733 prolegomenis
510 1655 583 1736 περὶ
605 1656 783 1737 κωμῳδίας
805 1675 832 1732 p.
853 1659 901 1716 14.
945 1659 1004 1717 Sed
1028 1658 1090 1716 alia
1110 1676 1231 1733 quoque
1255 1659 1389 1731 vestigia
1413 1676 1496 1716 com-

127 1801 128 1804 ,
211 1748 380 1822 potationis
405 1747 496 1810 illius,
530 1765 609 1821 quae
636 1748 715 1804 inter
737 1748 926 1822 tragoediam
958 1748 1145 1807 comoediam
1167 1747 1303 1804 fabulam
1328 1746 1495 1822 satyricam

210 1836 376 1904 intercedit,
400 1839 524 1894 exstant
539 1837 569 1893 in
586 1837 744 1895 anecdoto.
768 1834 786 1916 ξ
804 1838 822 1895 3
840 1838 918 1894 enim
934 1837 1031 1912 partis
1047 1837 1173 1894 alterius
1189 1836 1265 1893 haec
1285 1836 1495 1894 inveniuntur:

211 1923 258 1985 ὅτι
279 1923 411 2003 ὕστερον
434 1924 453 2004 ἡ
477 1923 602 2004 ποίησις
625 1923 702 2004 αύτη
728 1922 862 2005 διηρίδη
879 1924 923 1992 εἷς
938 1924 1015 2002 τρία,
1040 1924 1082 1992 εἰς
1102 1921 1290 2004 κωμῳδίαν,
1314 1922 1496 2003 τραγῳδίαν

211 2011 265 2074 καί
288 2013 467 2093 σατυρικήν.
503 2015 653 2089 Deinceps
677 2015 714 2072 de
738 2016 911 2073 nominibus
927 2016 1034 2073 horum
1051 2015 1197 2072 dramatis
1214 2031 1358 2088 generum
1383 2015 1493 2088 agitur,

210 2104 301 2161 tertio
333 2103 401 2161 loco
430 2105 466 2161 de
497 2103 605 2161 fabula
635 2105 772 2179 satyrica
794 2105 852 2161 hac
883 2104 1015 2162 ratione:
1047 2102 1066 2182 ἡ
1092 2101 1127 2164 δὲ
1151 2099 1302 2181 σατυρικὴ
1335 2098 1400 2162 ἀπὸ
1431 2105 1495 2162 τῶν

211 2195 366 2270 γεωργῶν
388 2195 454 2252 τῶν
477 2190 637 2271 εὑρόντων
660 2191 767 2272 αύτην,
799 2190 946 2271 σατύρων
973 2190 1192 2271 καλουμένων,
1217 2192 1236 2270 ἢ
1261 2187 1325 2250 ἀπὸ
1348 2193 1415 2252 τῶν
1439 2212 1493 2251 σσ-

210 2279 317 2360 τύρων
336 2284 400 2341 τῶν
414 2285 470 2341 τοῦ
487 2279 643 2342 Διονύσου
668 2279 810 2351 ὀπαδῶν,
835 2281 869 2341 οἳ
888 2279 1017 2360 σάτυροι
1040 2278 1209 2341 ἐκαλοῦντο
1233 2277 1297 2340 ἀπὸ
1321 2279 1494 2360 σεσηρέναι,

212 2368 232 2430 ό
262 2368 323 2430 ἐστι
353 2369 520 2450 κεχηνέναι
550 2367 585 2430 τδ
617 2368 717 2449 στόμα
748 2366 812 2430 ὑπὸ
845 2367 989 2449 γέλωτος,
1036 2370 1125 2446 Apud
1157 2371 1298 2427 Tzetzam
1329 2372 1433 2427 autem
1465 2371 1494 2426 in

212 2461 434 2534 prolegomenis
459 2461 498 2517 ad
521 2460 749 2534 Lycophronem
773 2461 849 2517 haec
869 2460 1081 2518 tantummodo
1098 2461 1193 2518 verba
1216 2460 1331 2534 scripta
1350 2458 1494 2533 legimns:

211 2547 231 2627 ἡ
256 2546 405 2627 σατυρικὴ
432 2546 466 2609 δὲ
490 2545 554 2608 ἀπὸ
582 2551 647 2609 τῶν
674 2547 822 2627 σατύρων
849 2545 971 2628 ε’κλήδη
1002 2551 1066 2609 τῶν
1097 2545 1257 2627 εὑρόντων
1288 2545 1396 2626 αύτήν,
1428 2546 1495 2626 ἤτοι

212 2641 367 2716 γεωργῶν
400 2635 455 2697 καί
493 2635 627 2698 εὐτελῶν
666 2635 863 2716 ἀνθρώπων.
921 2638 1057 2695 Alteram
1096 2637 1237 2695 anecdoti
1275 2636 1494 2694 derivationem

212 2727 298 2784 vocis
330 2725 490 2805 σατυρική,
525 2744 613 2802 quae,
648 2731 796 2801 quantum
827 2727 925 2795 video,
963 2727 1117 2784 rarissime
1149 2727 1310 2793 invenitur,
1345 2743 1382 2782 ex
1414 2727 1494 2784 bono

213 2815 299 2872 fonte
324 2834 467 2873 manasse
491 2833 528 2873 ex
552 2817 596 2873 eis
625 2815 758 2889 intellegi
781 2818 893 2890 potest,
926 2834 1004 2890 quae
1029 2816 1144 2890 scripta
1168 2818 1292 2873 exstant
1315 2815 1399 2889 apud
1424 2815 1494 2872 Gor·

213 2908 321 2962 nutum
337 2904 553 2979 philosophum
569 2907 599 2961 in
618 2904 800 2976 Theologiae
817 2905 951 2963 Graecae
976 2905 1152 2979 compendio
1177 2923 1201 2962 c.
1219 2905 1260 2963 30
1285 2922 1312 2978 p.
1331 2904 1372 2962 59
1389 2903 1494 2978 Langz

212 2997 268 3072 τῆς
292 2991 320 3053 δ’
338 2991 372 3053 ἒν
394 2997 459 3060 τοῖς
473 2991 582 3060 πότοις
597 2990 732 3062 παιδιᾶς,
756 2990 807 3053 εἶτ’
832 2991 1009 3060 ἐκστάσεως
1032 2990 1195 3072 σύμβολόν
1218 2990 1293 3052 εἰσιν
1308 2990 1340 3052 οἱ
1354 2988 1494 3071 Σάτυροι

212 3079 269 3161 τὴν
293 3079 467 3160 ὀνομασίαν
490 3079 554 3141 ἀπὸ
585 3085 640 3142 τοῦ
666 3081 838 3161 σεσηρέναι.
884 3084 1047 3140 Praeterea
1078 3082 1204 3140 eandem
1236 3081 1419 3139 sententiam
1450 3083 1495 3138 in-

213 3171 352 3229 venimus
377 3173 459 3245 apud
475 3167 635 3229 Aelianum
658 3189 721 3228 var.
738 3172 807 3231 hist.
824 3172 871 3240 III,
883 3173 939 3229 40:
962 3167 1103 3249 Σάτυροι
1120 3167 1154 3230 δὲ
1170 3166 1234 3230 ἀπὸ
1250 3173 1305 3229 τού
1322 3168 1494 3249 σεσηρέναι.

212 3258 377 3339 σεσηρέναι
409 3262 510 3317 autem
543 3261 668 3317 eandem
692 3261 754 3318 vim
777 3261 888 3319 habere
912 3263 1003 3336 atque
1027 3258 1193 3338 κεχηνέναι
1224 3259 1368 3332 cognosci
1392 3262 1496 3333 potest

214 3367 252 3406 ex
275 3349 381 3407 lexicis
406 3349 538 3407 Graecis.
578 3348 680 3406 Veluti
704 3350 787 3424 apud
810 3350 994 3425 Hesychium
1018 3367 1041 3407 s.
1058 3368 1086 3407 v.
1104 3347 1218 3427 σε’σηρε
1242 3349 1388 3423 scriptum
1412 3349 1496 3406 vide-

214 3455 295 3496 mus:
331 3435 407 3517 γελᾷ
438 3435 553 3504 δολίως
569 3485 576 3499 .
592 3435 688 3516 ψύχει
717 3434 792 3504 τοὺς
824 3435 957 3505 ὀδόντας
983 3431 1133 3520 (γελῶσα)
1165 3441 1196 3494 et
1226 3455 1250 3496 a.
1273 3455 1302 3498 v.
1326 3435 1494 3516 σεσηρῶς·

213 3525 386 3606 κεχηνώς.
419 3523 647 3606 διηνοιγμένον,
683 3523 828 3587 ἀνοικτὸν
863 3526 948 3606 ἔχων
982 3525 1096 3606 στόμα,
1132 3527 1214 3601 apud
1244 3519 1387 3582 Photium
1420 3544 1444 3586 s.
1468 3543 1494 3581 v.

213 3612 376 3695 Σέσηρεν·
399 3613 533 3694 κε’χηνε’
559 3613 723 3694 διήνοιγεν,
755 3635 779 3674 s.
795 3635 823 3674 v.
847 3613 1046 3695 Σεσηρέναι·
1069 3612 1123 3676 καὶ
1146 3612 1337 3695 σαρκάζειν·
1361 3610 1398 3673 τὸ
1422 3610 1494 3680 τοὺς

214 3702 348 3771 ὀδόντας
379 3703 500 3783 φαίνειν
530 3702 581 3764 ἐπὶ
613 3703 819 3784 διαμωκήσει,
851 3705 933 3780 apud
962 3705 1087 3763 Suidam
1115 3722 1139 3762 s.
1163 3723 1191 3761 v.
1220 3701 1333 3782 σέσηρε
1349 3717 1356 3732 ·
1372 3700 1494 3783 κέχηνε,

215 3791 361 3873 διήνοιγε.
407 3794 497 3868 Apud
533 3794 727 3852 Eustathium
762 3797 865 3852 autem
900 3795 939 3851 ad
969 3794 1090 3852 Homeri
1125 3793 1280 3868 Odysseae
1304 3792 1354 3849 lib.
1377 3813 1407 3851 υ.
1433 3792 1494 3850 302

215 3902 242 3958 p.
271 3883 425 3951 1893,19
454 3882 529 3940 haec
570 3884 685 3957 scripta
720 3883 861 3956 legimus:
897 3879 1042 3943 ἒδέλουσι
1077 3879 1111 3942 δὲ
1146 3881 1176 3941 οῖ
1205 3877 1333 3941 παλαιοὶ
1367 3878 1496 3960 ἄμεινον

214 3969 300 4041 εἶναι,
332 3968 501 4048 σαρδόνιον
532 3969 651 4051 γέλωτα
682 3968 828 4050 λέγεσδαι
858 3967 913 4031 τὸν
944 3968 995 4031 ἐπὶ
1024 3968 1251 4049 καταμωκήσει
1281 3968 1496 4049 προσποίητον

214 4057 302 4137 παρὰ
325 4056 361 4120 τὸ
385 4059 558 4140 σεσηρίναι,
582 4059 681 4140 ἤγουν
704 4058 884 4138 ύπανοίγειν
902 4056 939 4119 τά
955 4057 1050 4139 χείλη,
1075 4057 1122 4126 ῶς
1139 4055 1260 4139 δηλαδὴ
1277 4054 1495 4139 προείρηταιδ)

324 4233 342 4297 ¹)
362 4232 398 4286 ci.
419 4233 505 4287 etiam
524 4249 550 4303 p.
566 4232 625 4297 172,
637 4232 671 4286 18
689 4235 719 4286 et
736 4231 851 4297 306,10.
871 4231 905 4285 27
924 4231 965 4296 Η,
986 4231 1144 4286 Kaibelium
1162 4230 1179 4283 l.
1194 4247 1252 4286 ss.
1273 4248 1299 4320 p.
1315 4231 1348 4285 13
1359 4248 1402 4320 ειη.

323 4304 342 4372 'l
363 4303 399 4358 cf.
420 4304 545 4358 Zonaras
563 4305 709 4374 personati
727 4304 837 4357 lexicon
858 4303 927 4357 1637
945 4320 967 4356 s.
981 4320 1008 4357 v.
1028 4300 1157 4372 σεσηρότα
1169 4317 1176 4332 ·
1190 4321 1315 4368 κιχηνοτιι
1328 4318 1334 4332 ·
1348 4317 1494 4371 χαιροντσ·

215 4371 331 4444 γελῶντα
344 4390 350 4404 ·
363 4375 503 4437 παίζοντα.
541 4375 571 4428 Si
590 4375 757 4444 quaerimus
777 4375 887 4444 quade
907 4391 994 4428 causa
1013 4390 1077 4428 rara
1095 4378 1209 4428 exstent
1227 4373 1350 4442 vestigia
1369 4379 1494 4428 veterum

217 4446 252 4500 de
270 4446 368 4501 fabula
386 4446 509 4514 satyrica
529 4445 681 4511 doctrinae,
707 4449 827 4516 apparet
845 4445 918 4500 hanc
938 4461 1000 4500 esse
1019 4445 1197 4516 antiquitatis
1223 4443 1353 4499 exeuntis
1378 4444 1495 4498 saeculis

216 4517 383 4586 neglectam.
419 4517 491 4571 Nam
510 4533 568 4570 una
586 4516 685 4571 fabula
703 4516 827 4588 satyrica
845 4519 970 4571 aetatem
989 4516 1062 4579 tulit,
1082 4516 1191 4571 scilicet
1209 4515 1348 4586 Euripidis
1368 4514 1494 4585 Cyclops.
