3190 4944
106 405 164 462 vol.
186 406 222 463 17
249 399 359 484 (1890)
383 422 411 478 p.
429 401 490 460 251
517 403 552 460 ir.
570 403 620 461 28.
646 401 821 479 (Hausrath)
845 404 920 462 haec
952 403 988 460 de
1012 403 1142 461 dictione
1174 403 1289 478 scripta
1312 403 1385 478 legi-

105 511 186 551 mus:
209 489 266 572 τὴν
289 489 324 552 δὲ
343 489 440 572 Ιλ[έξιν
456 487 583 571 φησὶνῗ]
609 489 798 570 συγκεῖσθαι.
816 488 1054 572 όια[φέρου]σαν
1077 488 1175 552 οὐθὲν
1199 512 1265 570 γνω
1282 537 1384 553 .....

105 578 159 661 α’[ς
181 575 356 665 θ]πόθεσιν,
380 577 521 660 μίλμημα
544 573 677 664 λέ]γω[ν]
703 577 876 660 αὐτὴνκαὶ
899 573 1085 664 συνέπΙει]ον
1108 579 1144 641 ἐκ
1167 583 1231 641 τῶν
1251 577 1384 659 ἀλλαχό-

105 669 163 731 θεν
187 668 240 730 καὶ
263 667 442 748 ἀλλαχόθεν
465 669 553 730 ε’πῶν
575 674 669 730 ποεῖ.
686 667 793 731 διοίσει
812 667 847 730 dd
870 667 973 739 οὐδέν,
997 667 1101 750 φησίν,
1126 667 1201 730 οὐδὲ
1224 669 1264 729 ἂν
1282 666 1384 748 Ἀρχί-

105 758 202 838 λοχον
225 759 244 838 ἢ
269 755 446 838 Εὐρυάδην
470 759 489 838 ἢ
513 756 607 819 ἄλλον
633 755 699 819 τινὰ
720 754 857 838 Ὁμήρῳ
880 756 1120 839 συμβάλλωμεν,
1143 751 1181 842 <ἢ
1206 751 1263 842 ἂν)
1284 755 1386 836 μόνον

106 847 256 926 ἑκατέρου
279 845 335 927 τὴν
355 846 585 928 ἐπαινουμένην
605 845 900 926 ἀντιπορατιθῶμεν
915 846 996 917 λέξιν
1013 895 1018 906 .
1036 846 1074 907 οὐ
1091 845 1151 926 γὰρ
1168 845 1213 907 ότι
1230 845 1386 926 διάφορον

108 929 288 1021 [έ]που<ς>ῖ
311 935 471 1016 τραγῳδία
495 935 549 997 καῖ
572 936 688 1017 ἴαμβος
710 935 764 996 καὶ
786 934 821 997 τὸ
846 935 985 1016 ἐμμελές,
1018 933 1068 996 διὰ
1091 936 1173 997 τοῦτ’
1198 935 1237 996 οὐ
1261 935 1384 1015 συμβα-

106 1024 223 1106 λοῦμεν
247 1024 281 1096 ἐξ
304 1025 411 1105 ἑτέρου
436 1025 548 1104 γένους
570 1023 691 1105 ποητὴν
713 1030 827 1106 ποητεῖ
844 1029 901 1086 τοῦ
923 1023 1032 1093 τέλους
1054 1022 1273 1106 θπά[ρχο]ντος
1295 1022 1387 1084 παντὶ

107 1114 186 1193 γένει
208 1107 377 1200 ταύτο<ῦ>.
393 1118 498 1176 πᾶσαν
522 1108 581 1193 γὰρ
605 1112 793 1195 ἀκολουθε[ῖ
811 1111 879 1194 τλὴν
910 1113 943 1175 ἐν
974 1113 1079 1182 αὐτοῖς
1105 1113 1187 1185 λέξιν
1217 1112 1385 1192 καλῶςῆ

106 1204 233 1283 μέσως
249 1205 268 1284 ἢ
284 1202 441 1284 φαύλως
456 1202 625 1282 ἐγκεῖσθαι,
633 1202 745 1265 τούτου
760 1201 904 1284 θ’[ὀΊντος
917 1200 1013 1283 [aldae.
1023 1201 1098 1264 όταν
1109 1199 1279 1282 ἁπάντω[ν]
1290 1201 1325 1263 ἐκ
1335 1237 1386 1262 -.

107 1293 211 1368 Neque
234 1294 326 1352 miror
343 1294 561 1365 Quintilianum
585 1294 616 1350 in
640 1313 676 1352 ea
699 1294 766 1351 libri
782 1293 816 1350 X.
840 1297 934 1368 parte.
960 1294 1011 1352 ubi
1033 1295 1069 1350 de
1093 1294 1191 1368 poetis
1215 1293 1323 1366 agitur,
1350 1293 1386 1349 de

108 1383 296 1456 singulorum
321 1387 480 1458 poetarum
509 1383 627 1440 ratione
651 1383 769 1440 dicendi
793 1383 935 1440 iudicium
961 1383 1101 1458 proferre.
1142 1383 1242 1440 Veluti
1257 1382 1292 1450 X,
1307 1380 1386 1448 1,66

107 1471 278 1546 Aeschylus
291 1475 421 1530 vocatur
437 1471 575 1531 sublimis
593 1475 624 1529 et
639 1473 741 1547 gravis
759 1475 789 1529 et
804 1472 1056 1546 grandilocus,
1076 1472 1246 1530 Simonides
1257 1471 1292 1538 X,
1307 1472 1332 1539 l,
1345 1470 1386 1527 64

110 1561 249 1618 tenuis
282 1561 406 1636 alioqui,
443 1562 479 1619 de
507 1561 640 1619 Hesiodo
673 1564 774 1618 autem
798 1561 832 1627 X,
848 1561 926 1628 1.52
952 1562 1027 1618 haec
1052 1561 1136 1618 dicit:
1168 1561 1328 1637 ‘daturque
1361 1560 1388 1618 ei

108 1649 212 1724 palma
235 1650 265 1707 in
288 1650 362 1708 illo
388 1650 515 1708 medio
539 1668 685 1724 genere
710 1649 891 1710 dicendi.³

216 1739 273 1796 Sed
292 1757 354 1813 qua
377 1740 495 1797 ratione
520 1739 556 1796 de
580 1740 764 1812 tragicorum
788 1738 958 1797 elocutione
983 1739 1024 1796 sit
1046 1739 1214 1796 iudicatum
1238 1757 1257 1795 a
1279 1737 1388 1796 veteri-

109 1829 177 1895 buS,
211 1845 292 1885 nuno
324 1827 490 1886 rideamne.
538 1828 581 1884 De
605 1828 757 1902 Aeschylo
782 1829 856 1884 haec
889 1829 1004 1902 scripta
1032 1828 1158 1901 legimus
1191 1828 1221 1884 in
1244 1826 1388 1901 Aeschyli

108 1917 174 1973 vita
198 1915 291 1992 (apud
315 1916 505 1973 Dindorlinm
529 1916 560 1972 in
577 1915 721 1990 Aeschyli
744 1919 820 1988 trag.
845 1922 976 1991 superet.
1000 1916 1058 1974 vol.
1076 1916 1114 1973 lll
1137 1935 1165 1991 p.
1183 1916 1226 1992 3):
1250 1912 1330 1975 κατὰ
1355 1911 1389 1974 δὲ

108 2002 164 2084 τὴν
187 2002 334 2066 σύνθεσιν
357 2007 411 2083 τῆς
434 2002 594 2082 ποιήσεως
618 2001 709 2083 ζηλοῖ
728 2001 767 2062 τὸ
791 2000 910 2083 ἁδρὸν
934 2003 990 2064 ἀεὶ
1012 2000 1206 2087 πλάσμαβ)
1234 2002 1387 2083 ὀνοματο-

108 2090 223 2160 ποιΐαις
245 2114 277 2153 τε
300 2090 353 2152 καὶ
376 2090 540 2172 ἐπιθέτοις,
572 2092 613 2152 ἔτι
638 2090 672 2153 δὲ
694 2097 890 2172 μεταφοραῖς
920 2091 973 2152 καὶ
1002 2097 1078 2154 πᾶσι
1107 2097 1172 2160 τοῖς
1203 2090 1389 2172 δυναμένοις

110 2181 208 2260 ὄγκον
230 2186 268 2261 τῇ
285 2180 398 2260 φράσει
414 2179 588 2260 περιθεῖναι
603 2181 777 2261 χρώμενος.
817 2182 975 2258 Euripides
996 2186 1099 2240 autem
1118 2183 1248 2242 medium
1272 2182 1389 2240 dicendi

109 2289 206 2345 genus
231 2277 356 2329 secutus
381 2275 436 2339 est,
461 2270 493 2328 id
510 2271 591 2346 quod
616 2271 758 2345 cognosci
779 2275 882 2346 potest
906 2289 943 2329 ex
967 2272 1010 2329 eis
1034 2273 1144 2340 verbiS,
1172 2289 1250 2346 quae
1275 2273 1390 2345 scripta

110 2363 235 2419 exstant
265 2361 294 2417 in
318 2361 469 2434 Euripidis
493 2361 560 2417 vita
591 2360 699 2436 (vell.
723 2378 750 2434 p.
767 2360 827 2428 4‚3
853 2361 897 2417 ed.
923 2360 1104 2436 Schwartzt:
1135 2357 1322 2438 πλάσματι
1351 2356 1390 2420 δὲ

108 2449 222 2528 μέσῳ
252 2448 386 2528 χρησά
394 2470 520 2528 μενος
550 2447 731 2528 περιγέγονε
758 2452 795 2528 τῇ
827 2447 977 2527 ἑρμηνείᾳ
1008 2447 1119 2527 ἄκρως
1142 2448 1185 2515 εἰς
1208 2446 1391 2527 ἀμφότερον
1491 2485 1501 2505 .

109 2536 277 2617 χρώμενος
299 2542 365 2605 τοῖς
388 2536 602 2618 ἐπιχειρήσεσι.
649 2538 744 2596 Simili
767 2539 885 2597 ratione
909 2538 945 2596 de
965 2538 1106 2613 Euripide
1130 2538 1203 2595 dicit
1222 2538 1389 2613 Dionysius

109 2627 204 2684 Halia
230 2627 266 2684 de
290 2629 459 2686 imitatione
483 2646 510 2703 p.
529 2630 569 2685 22
594 2628 729 2686 Usener:
754 2625 772 2687 ό
796 2624 838 2687 δὲ
863 2625 956 2687 οὔτε
979 2624 1141 2707 ὑψηλός
1164 2625 1273 2688 ἐστιν
1297 2625 1390 2686 οὔτε

109 2713 189 2794 μὴν
212 2713 336 2786 λιτός,
360 2713 461 2776 ἀλλὰ
485 2715 724 2796 κεκραμένη
748 2713 945 2796 μεσότητι
968 2719 1036 2795 τῆς
1059 2713 1211 2786 λέξεως
1233 2714 1389 2795 κέχρηται.

218 2804 261 2863 De
296 2805 454 2862 comoedia
494 2809 595 2862 autem
630 2809 660 2864 in
698 2807 875 2864 universum
910 2806 1062 2864 iudicatur
1097 2805 1178 2880 apud
1209 2805 1391 2881 Dionysium

110 2893 205 2951 Halio.
230 2894 266 2950 de
291 2895 363 2952 imit.
387 2912 415 2968 p.
433 2893 474 2952 22
498 2895 633 2954 Usener:
657 2897 720 2954 τῶν
745 2892 779 2955 δὲ
798 2891 974 2973 κωμῳδῶν
996 2892 1149 2973 μιμητέον
1171 2890 1226 2961 τὰς
1249 2889 1391 2959 λεκτικὰς

110 2978 223 3060 ἀρετὰς
236 2980 360 3050 ἁπάσας
369 2979 438 3042 ἐἶσὶ
446 2979 506 3061 γὰρ
514 2981 568 3042 καῖ
579 2987 643 3050 τοῖς
655 2981 788 3062 ὀνόμασι
799 2981 940 3061 καθαροὶ
951 2981 1006 3042 καὶ
1017 2986 1150 3062 σαφεῖς
1162 2981 1224 3043 καὶ
1236 2981 1391 3062 βραχεῖς

110 3069 174 3131 καὶ
188 3069 492 3149 μεγαλοπρεπεῖς
507 3070 569 3131 καὶ
591 3069 707 3132 δεινοὶ
724 3069 787 3132 καῖ
804 3069 969 3151 ἠθικοίλ)
994 3073 1181 3142 Quibuscum
1193 3072 1294 3131 verbis
1308 3089 1390 3130 com-

110 3161 249 3236 paranda
272 3163 343 3218 sunt
368 3178 413 3228 ea,
440 3179 518 3236 quae
542 3162 737 3219 inveniuntur
756 3163 836 3235 apud
857 3163 998 3220 Taetaam
1013 3161 1043 3218 M
1056 3181 1075 3219 a
1095 3162 1133 3219 10
1158 3180 1185 3237 p.
1204 3161 1244 3218 26
1261 3161 1408 3220 Kaibel.:·

111 3246 176 3327 ἐγὼ
202 3246 236 3309 δὲ
259 3247 529 3328 χαριεντιζόμενος
556 3246 805 3327 παρεγκλιτικῶς
835 3249 937 3317 οὕτως
968 3245 1056 3311 εἷπον
1086 3247 1156 3317 τὰς
1185 3249 1392 3328 τέσσαρας

111 3336 286 3416 χάριτας
309 3341 378 3398 τοῦ
402 3335 530 3416 λόγου
554 3336 622 3397 καὶ
646 3337 809 3417 ἀρετάς,
832 3338 899 3419 τήν
921 3360 958 3399 τε
982 3338 1214 3418 σαφήνειαν
1236 3335 1392 3418 καῖ’τὴν

112 3425 344 3505 συντομίαν
366 3424 409 3486 τὸ
431 3425 613 3488 πιθανόν
635 3449 671 3486 τε
694 3425 757 3487 καὶ
780 3425 907 3507 αὐτὴν
930 3425 994 3507 τὴν
1016 3426 1391 3508 μεγαλοπρέπειαν.

111 3517 145 3574 ln
176 3515 252 3574 libro
285 3519 386 3573 autem
412 3516 570 3574 Glossario
594 3517 612 3574 l.
635 3535 658 3574 s.
680 3535 704 3574 s.
729 3517 906 3584 v‚41,9s.
931 3535 958 3575 v.
984 3536 1076 3575 scena
1107 3518 1143 3575 de
1173 3517 1331 3592 tragoedia
1362 3520 1392 3574 et

113 3605 270 3662 comoedia
293 3605 350 3662 hoc
372 3605 516 3662 iudicium
540 3605 701 3680 profertur:
735 3606 904 3682 ‘tragoedia
935 3610 983 3663 est
1015 3607 1092 3664 eninr
1122 3624 1217 3679 genus
1250 3606 1391 3663 carminis

113 3710 173 3768 quo
197 3696 306 3768 poetae
331 3711 431 3766 regum
456 3712 549 3752 casus
571 3694 752 3752 durissimos
777 3698 808 3752 et
831 3695 946 3753 scelera
968 3696 1108 3752 inaudita
1131 3695 1180 3753 vel
1196 3696 1320 3752 deorum
1344 3712 1392 3752 res

113 3783 177 3841 alto
202 3779 306 3840 sonitu
330 3783 506 3840 describunt
529 3780 755 3864 (describebant
778 3784 811 3841 G.
828 3779 885 3856 P.'):
915 3785 1080 3852 comoedia,
1111 3802 1189 3859 quae
1217 3801 1265 3842 res
1290 3783 1393 3858 priva-

113 3876 213 3929 torum
249 3874 279 3928 et
309 3870 467 3929 humilium
501 3889 699 3947 personarum
732 3873 965 3947 comprehendit,
1003 3891 1078 3930 non
1112 3876 1193 3930 tam
1228 3872 1315 3930 alto
1351 3875 1393 3930 ut

113 3959 331 4034 tragoedia
355 3960 475 4028 stilo,
501 3962 569 4018 sed
594 3962 790 4020 mediocri
814 3965 852 4019 et
875 3961 1003 4018 dulci?

223 4223 240 4286 ¹)
260 4221 496 4275 Considerandum
517 4229 561 4276 est
580 4223 699 4291 primum
723 4222 791 4276 illud
809 4219 921 4290 πλάσμα
949 4223 1048 4277 eodem
1075 4239 1160 4277 sensu
1188 4229 1274 4293 atque
1302 4223 1393 4277 elocu-

115 4293 222 4346 tionem
248 4293 334 4346 videri
362 4293 541 4363 usurpavisse
560 4293 723 4348 Tauriscum
742 4296 966 4362 grammaticum,
992 4295 1039 4365 qui
1058 4311 1074 4347 e
1092 4294 1214 4348 Cratetis
1234 4295 1331 4348 schola
1350 4299 1394 4349 est

115 4363 267 4433 proiectus¹
289 4363 324 4418 oi.
345 4364 515 4419 Schmidium
534 4365 552 4418 l.
567 4382 587 4420 s.
602 4382 624 4419 s.
643 4381 670 4435 p.
686 4365 745 4419 135.
783 4365 866 4420 Locis
885 4366 920 4418 ab
940 4380 974 4419 eo
993 4365 1124 4419 tractatis
1143 4365 1217 4419 addo
1237 4364 1394 4420 Philodami

114 4435 186 4488 rhet.
205 4433 260 4489 vol.
275 4435 294 4489 l.
314 4453 340 4506 p.
357 4435 407 4490 165
427 4436 566 4490 Sudhaus.

222 4505 240 4573 ²)
259 4505 296 4560 cl.
314 4507 472 4563 Kaibolium
492 4507 586 4563 CGE.
605 4525 631 4579 p.
644 4507 688 4562 Sl.
