3190 4944
643 239 867 299 „35-

110 419 176 486 λτοῖς
199 413 385 494 εἰρημένοις,
408 413 547 494 λέγωδὲ
570 413 638 477 οἷον
652 414 774 498 ῥυθμῷ
797 413 851 477 καλ
872 413 959 495 μέλει
981 411 1166 496 καλμέιρῳ,
1191 413 1298 495 ὥςπερ
1320 414 1342 496 ἥ
1368 437 1397 477 τε

112 508 177 564 τῶν
201 501 447 584 διδυραμβικῶν
474 503 598 585 ποίησις
627 503 682 566 καλ
704 504 724 585 ἡ
748 507 812 565 τῶν
834 503 956 585 νόμων,
986 502 1040 565 καὶ
1062 503 1083 584 ἥ
1105 525 1137 565 τε
1159 503 1320 614 τραγῳδία
1343 502 1398 566 καλ

113 592 132 673 ἡ
156 591 326 673 κωμῳδία,
358 591 544 695 διαφέρουσι
573 592 659 655 δὲ“’
639 615 684 654 οτι
707 593 741 655 αἱ
761 592 821 673 μὲν
844 593 911 674 ἅμα
938 597 1041 664 πᾶσιν,
1072 593 1105 654 αί
1128 591 1163 654 δὲ
1185 591 1266 654 κατὰ
1288 593 1396 674 μέρος.

109 746 113 756 .
223 683 281 744 Sed
306 682 465 742 veniamus
489 684 528 742 ad
552 701 621 742 aum
644 684 754 752 locum,
789 685 841 760 qui
864 684 1034 759 graviorem
1061 680 1182 742 videtur
1205 685 1397 743 contraxisse

112 773 222 836 labem.
268 773 400 831 Exstant
423 773 501 830 enim
524 773 555 830 in
579 773 682 831 codice
707 772 797 834 Goisl.
821 774 896 832 haec
920 775 1028 831 verba:
1051 768 1152 851 χωρίς
1174 771 1309 834 ἑκάστου
1333 775 1398 834 τῶν

107 859 240 940 μορίων
263 859 296 922 ἐν
318 864 382 928 τοῖς
405 859 507 932 εἴδεσι,
532 879 611 938 quae
635 863 717 920 omni
740 863 857 920 ratione
881 862 1034 920 servanda
1063 879 1131 920 esse
1155 864 1261 921 censet
1281 862 1396 920 Baum·

113 950 233 1026 gartius
256 951 274 1008 l.
292 969 316 1010 s.
333 968 356 1008 s.
380 967 407 1024 p.
426 950 498 1009 669.
546 951 623 1021 Quin
654 951 745 1010 etiam
776 952 823 1009 vir
855 952 965 1010 doctus
988 953 1140 1009 tractatus
1165 949 1254 1010 Goisl.
1279 951 1397 1008 ratione

113 1039 222 1104 habita
236 1038 413 1114 tragoediae
429 1040 635 1098 definitionem
659 1041 817 1098 emandare
841 1043 977 1108 conatur,
1003 1039 1057 1098 sed
1076 1039 1127 1097 ille
1142 1039 1171 1096 id
1189 1040 1262 1098 mihi
1277 1040 1398 1099 videtur

113 1128 266 1186 audacius
287 1128 397 1197 iacere,
431 1146 523 1203 quam
546 1131 581 1187 nt
610 1132 722 1187 temere
754 1147 821 1187 eum
853 1147 974 1205 sequar.
1020 1128 1093 1199 Quis
1124 1129 1202 1186 enim
1234 1132 1290 1198 est,
1324 1129 1398 1204 quin

112 1219 280 1293 ¹tractatum
297 1216 386 1277 Coisl.
409 1218 514 1276 multis
537 1218 655 1276 mendis
678 1235 747 1276 esse
763 1219 965 1293 depravatum
980 1217 1158 1293 intellegat?
1194 1217 1252 1276 Sed
1269 1218 1397 1293 primum

113 1307 181 1364 dico
197 1308 292 1365 verba
307 1307 369 1374 illa,
388 1307 425 1364 de
442 1307 553 1382 quibus
570 1307 698 1381 agimus,
721 1307 878 1366 referenda
893 1323 963 1366 esse
979 1307 1017 1364 ad
1033 1306 1108 1364 illud
1125 1303 1158 1366 ἓν
1174 1302 1221 1373 οἷς
1235 1310 1398 1368 ποιοῦνται

112 1393 169 1474 τὴν
183 1392 324 1475 μίμησιν,
351 1397 433 1470 quod
457 1396 603 1472 scriptum
627 1395 754 1471 legimus
778 1397 809 1454 iu
832 1398 897 1454 arte
921 1398 1000 1470 poet.
1017 1395 1144 1470 ρ.1447
1162 1395 1246 1455 1127.
1281 1396 1396 1454 Deinde

114 1485 256 1543 videntur
279 1485 452 1542 adhibenda
475 1503 544 1544 esse
568 1485 607 1542 ad
631 1485 870 1544 emendationem
886 1486 961 1543 haec
981 1486 1076 1544 verba
1095 1486 1272 1558 tragoediae
1288 1485 1396 1543 defini-

113 1574 221 1632 tionis:
245 1570 345 1652 χωρλς
365 1570 498 1634 ἑκάστου
515 1575 579 1634 τῶν
595 1571 690 1634 εἰδῶν
705 1572 739 1634 δν
753 1578 818 1640 τοῖς
831 1572 964 1653 μορίοις,
988 1591 1077 1649 quem
1100 1573 1200 1632 locum
1215 1574 1397 1632 Aristoteles

115 1681 142 1738 p.
163 1662 247 1720 1449
264 1663 338 1722 b29
362 1663 420 1720 hoc
444 1664 533 1723 modo
559 1663 702 1738 explieat:
725 1660 761 1724 τὸ
786 1660 821 1723 δὲ
841 1661 941 1743 χωρὶς
963 1666 1027 1730 τοῖς
1043 1659 1136 1724 εἴδεσι
1150 1658 1186 1722 τὸ
1204 1659 1254 1722 διό
1270 1661 1399 1741 μέτρων

113 1750 181 1812 ἔνια
203 1747 306 1830 μόνον
328 1749 533 1831 περαίνεσθαι
555 1749 609 1812 καλ
631 1749 723 1812 πάλιν
746 1750 835 1831 ἔτερα
860 1749 910 1813 διδ
930 1750 1055 1831 μέλους.
1094 1750 1210 1822 Quibus
1235 1769 1272 1810 ex
1296 1753 1398 1811 verbis

112 1840 249 1914 intellegi
276 1843 380 1916 potest
401 1841 576 1900 Aristotelis
608 1842 761 1900 sententia
791 1842 870 1900 alias
901 1844 1005 1917 partes
1037 1840 1214 1915 tragoediae
1245 1841 1395 1910 versibus,

114 1930 194 1995 alias
227 1930 409 1988 carminibus
439 1930 528 1988 efiici.
566 1927 666 2009 χωρὶς
697 1931 775 1987 enim
806 1931 994 1988 referendum
1024 1947 1093 1988 esso
1117 1930 1156 1987 ad
1180 1929 1256 1987 illud
1279 1928 1313 1990 ἒν
1335 1934 1399 1997 τοῖς

112 2016 239 2098 μορίοις
263 2019 377 2094 optimo
393 2019 458 2077 iure
474 2019 548 2076 dicit
566 2019 722 2077 Vahlcnus
738 2020 768 2077 in
786 2019 917 2078 editione
935 2020 963 2078 3.
979 2038 1007 2094 p.
1024 2019 1096 2077 117.
1131 2019 1196 2076 Hoc
1213 2019 1240 2076 si
1255 2019 1395 2086 facimus,

115 2109 210 2166 verba
232 2107 287 2164 illa
307 2108 353 2165 ita
376 2111 449 2166 sunt
472 2108 665 2182 explicanda:
690 2108 812 2181 singula
835 2125 946 2182 genera
969 2107 1116 2166 orationis
1142 2108 1283 2166 conditae
1307 2127 1397 2183 sepa·

114 2197 205 2254 ratim
228 2197 259 2254 in
291 2197 420 2271 singulis
444 2198 584 2272 partibus
617 2195 831 2275 adhibenturll
877 2197 954 2254 Nam
978 2197 1009 2254 in
1040 2215 1078 2255 ea
1100 2197 1277 2270 tragoediae
1301 2201 1396 2273 parte,

114 2286 167 2362 qui
191 2288 321 2344 vocatur
337 2283 505 2364 πρόλογος,
529 2303 639 2345 versus
656 2286 859 2355 inveniuntur,
885 2286 915 2344 in
937 2305 974 2344 ea
990 2288 1101 2353 autem,
1128 2303 1219 2360 quam
1243 2287 1400 2360 appellant

112 2372 270 2454 πάροδον,
294 2375 435 2433 carmina.
480 2375 587 2450 Itaque
611 2393 720 2433 censeo
743 2375 819 2436 nihil
850 2393 919 2433 esse
950 2376 1128 2433 mutandum
1156 2374 1187 2431 in
1210 2376 1312 2433 verbis
1329 2375 1398 2434 filis

114 2463 292 2538 tragoediae
324 2464 519 2522 definitionis.
574 2464 633 2522 Sed
664 2464 836 2532 videamus,
872 2465 1037 2540 quadratus
1068 2464 1144 2521 haec
1177 2465 1328 2522 sententia
1358 2465 1398 2522 ad

114 2552 312 2612 comoediam.
329 2601 332 2610 .
346 2553 373 2610 N
375 2571 423 2611 am
440 2554 513 2628 quid
529 2555 636 2611 auctor
654 2554 806 2612 tractatus
824 2553 913 2612 Coisl.
930 2552 1149 2628 significaverit
1163 2555 1256 2612 verbo
1272 2550 1396 2632 μόριον,

114 2642 317 2716 colligendum
348 2645 397 2700 est
427 2661 464 2700 ox
495 2643 549 2710 eis,
587 2658 665 2717 qnae
695 2642 776 2700 inira
807 2642 879 2701 dicit
902 2638 920 2721 ξ
940 2642 992 2700 1οε
1024 2640 1107 2721 μέρη
1138 2644 1193 2720 τῆς
1222 2639 1399 2722 κωμῳδίας

114 2730 274 2810 τέσσαρα·
293 2728 452 2810 πρόλογος
481 2727 614 2810 χορικδν
642 2728 817 2793 ἐπεισόδιον
847 2728 966 2802 ἔξοδος.
1001 2727 1160 2810 πρόλογός
1183 2729 1262 2791 ἐστιν
1283 2727 1399 2810 μόριον

115 2817 293 2899 κωμῳδίας
323 2817 359 2879 τὸ
381 2818 475 2899 μέχρι
498 2817 624 2880 εἰσόδου
648 2824 703 2880 τοῦ
727 2824 837 2900 χοροῦ.
884 2820 966 2878 Idem
996 2820 1088 2895 igitur
1120 2819 1275 2894 significat
1305 2823 1398 2879 verbo

114 2906 232 2988 μόριον
256 2912 347 2983 atque
371 2909 560 2969 Aristoteles.
607 2910 719 2968 Eadem
748 2913 859 2979 autem,
892 2928 971 2984 quac
1003 2927 1097 2984 supra
1121 2909 1251 2968 diximus
1276 2910 1313 2967 de
1334 2912 1398 2968 tra-

116 2997 244 3074 goediae
260 2998 418 3072 partibus,
450 2998 600 3073 quadrare
632 2999 670 3056 ad
695 2999 882 3058 comoediam
906 3002 1042 3075 apparet.
1087 2999 1194 3073 ltaque
1219 3015 1336 3067 ,censeo
1367 2999 1398 3056 in

114 3089 269 3159 tractatus
301 3086 423 3146 coislin.
451 3087 536 3146 fonte
568 3088 725 3146 exstitisse
755 3084 856 3166 χωρίς
887 3086 1020 3148 ἑκάστου
1050 3089 1116 3147 τῶν
1146 3084 1242 3147 εἰδῶν
1272 3085 1306 3147 δν
1334 3091 1400 3154 τοῖς

114 3174 249 3256 μορίοις,
281 3193 361 3251 quae
384 3177 478 3234 verba
502 3194 596 3251 supra
619 3177 771 3252 explicavi
793 3177 993 3252 Bernaysinm
1018 3179 1049 3234 et
1071 3175 1241 3235 Vahlenum
1265 3179 1398 3235 secutus,

115 3265 304 3339 Baumgartii
335 3267 438 3324 autem
469 3265 652 3324 sententiam
676 3265 797 3324 omnino
821 3283 890 3324 esse
914 3265 1133 3341 repudiandam
1156 3265 1207 3323 vel
1230 3283 1268 3324 ex
1291 3283 1327 3323 eo
1351 3266 1398 3323 in-

116 3355 279 3430 tellegitur,
305 3356 386 3429 quod
410 3355 437 3413 ei
459 3354 520 3412 tria
543 3357 616 3412 sunt
639 3355 797 3422 mutanda,
821 3355 910 3412 nobis
934 3373 1036 3413 unum.
1074 3355 1142 3412 Huc
1165 3355 1290 3422 accedit,
1316 3355 1398 3431 quod

98 3445 148 3501 ‘et
176 3444 209 3500 in
241 3445 306 3500 arte
338 3443 460 3518 poetica
490 3446 520 3502 et
551 3443 582 3500 in
612 3446 747 3501 tractatu
773 3443 862 3504 Coisl.
886 3444 961 3502 illud
985 3442 1019 3504 ἐν
1045 3443 1191 3502 traditum
1224 3447 1280 3512 est,
1317 3445 1400 3520 quod

116 3532 332 3606 Baumgartius
356 3533 544 3591 exterminat.

228 3620 262 3678 In
286 3621 329 3678 eis
354 3626 464 3690 autem,
490 3639 570 3696 quae
594 3624 746 3689 secuntur,
772 3623 897 3679 exstant
919 3621 950 3679 in
974 3621 1077 3680 codice
1094 3620 1184 3682 Coisl.
1200 3621 1276 3680 haec
1291 3623 1399 3681 verba:

117 3707 260 3788 δρῶντος
289 3707 343 3770 καὶ
367 3707 406 3771 δι’
431 3708 637 3789 ἀπαγγελίας,
662 3729 741 3785 quae
769 3712 863 3768 verba
894 3713 976 3768 stare
1011 3711 1133 3769 omnino
1166 3728 1227 3768 non
1258 3714 1399 3786 possunt.

116 3799 282 3858 Afferenda
312 3800 391 3856 enim
422 3802 495 3857 sunt
526 3801 583 3857 hoo
615 3799 683 3857 loco
708 3817 754 3868 ea,
787 3817 865 3875 quae
888 3799 1069 3858 Aristoteles
1093 3817 1121 3873 p.
1141 3799 1225 3858 1448
1249 3800 1398 3875 clesqq.

117 3889 203 3950 dicit:
228 3886 270 3948 ἔτι
293 3884 328 3948 δὲ
349 3885 471 3948 τούτων
493 3886 576 3968 τρίτη
602 3884 741 3967 διαφορὰ
764 3885 800 3948 τὸ
824 3886 871 3955 ὡς
892 3886 1008 3948 ’ἕκαστα
1030 3886 1152 3949 τούτων
1166 3886 1337 3968 μιμήσαιτο
1360 3887 1400 3949 ἄν

116 3997 168 4044 τις.
204 3973 257 4036 καὶ
288 3973 349 4055 γὰρ
373 3975 406 4037 ἐν
433 3981 497 4044 τοῖς
527 3975 633 4043 αὐτοῖς
662 3973 775 4037 καὶτὰ
799 3974 878 4037 αὐτὰ
907 3975 1073 4057 μιμεῖσδαι
1103 3976 1183 4037 ἔστιν
1217 3978 1244 4038 l.
1268 3974 1400 4057 ότὲμὲν

117 4063 360 4144 ἀπαγγέλλοντα,
392 4065 421 4143 a)
445 4065 464 4145 ἢ
489 4062 595 4144 ἕτερόν
617 4087 644 4126 τι
675 4063 869 4146 γιγνόμενον,
901 4065 1007 4145 ὥςπερ
1026 4062 1173 4146 Ὄμηρος
1203 4070 1293 4137 ποιεῖ,
1324 4065 1355 4146 b)
1379 4067 1398 4146 ἢ

117 4153 165 4222 ὡς
178 4203 179 4207 ,
194 4151 249 4214 τόν
280 4151 377 4214 αὐτὸν
406 4152 460 4214 καί
486 4152 532 4234 μὴ
555 4153 800 4234 μεταβάλλοντα,
825 4157 854 4214 2.
878 4155 897 4234 ἢ
921 4153 1040 4223 πάντας
1063 4153 1110 4222 ὡς
1131 4152 1324 4234 πρόπαντος
1346 4154 1401 4233 καλ

119 4241 322 4323 ἐνεργοῦντας
345 4239 418 4310 cote
439 4243 667 4323 μιμουμένους.
714 4246 797 4315 Quae
821 4247 915 4304 verba
937 4246 968 4302 in
991 4245 1069 4304 duas
1097 4263 1166 4303 esso
1189 4245 1400 4304 distribuenda

60 4327 62 4332 ’
120 4337 231 4407 partes,
258 4350 386 4407 quarum
410 4334 507 4391 altera
529 4351 637 4392 rursus
661 4337 710 4392 est
732 4334 884 4410 bipertita,
919 4335 1033 4410 optimo
1058 4335 1122 4392 iure
1146 4332 1220 4392 dicit
1243 4335 1400 4393 Vahlcnus

226 4525 245 4594 ¹)
265 4524 302 4580 cf.
320 4524 518 4595 Bernaysinm:
539 4524 613 4579 Zwei
631 4523 857 4594 abhandlungen
875 4540 902 4594 p.
918 4523 959 4579 18.

1205 4611 1239 4666 3·
