3190 4944
636 241 852 300 -65-

105 426 175 478 sunt
207 438 245 477 ea
274 421 377 488 verba,
411 438 490 495 quac
520 420 634 495 scripta
656 421 795 477 videmus
821 420 902 495 apud
927 420 1106 479 Strabonem
1130 421 1209 479 lib.l
1234 422 1294 479 c.2
1320 418 1339 501 ξ
1365 423 1384 478 3

105 517 141 584 η).
159 510 201 566 24
218 508 295 586 Kal:
318 506 452 588 ποιητὴν
476 505 537 586 γὰρ
561 507 622 588 ἔφη
647 508 748 568 πάντα
771 506 982 587 στοχάζεσδαι
996 508 1215 588 ψυχαγωγίας,
1240 508 1279 570 οὐ
1297 507 1384 570 διδα-

104 595 242 667 σκαλίας,
265 595 447 658 τούναντίον
464 595 494 657 δ’
513 597 545 657 οῖ
566 595 694 658 παλαιοί
717 596 909 676 φιλοσοφίαν
933 595 999 657 τινὰ
1023 595 1149 676 λέγουσι
1171 597 1304 678 πρώτην
1325 597 1383 678 τῆν

102 685 279 766 ποιητικήν,
303 685 491 764 εἰσάγουσαν
515 685 558 753 είς
581 683 636 746 τδν
659 685 730 766 βίον
754 685 839 766 ἡμᾶς
862 685 898 746 ἔκ
914 686 998 747 νέων
1014 684 1069 747 καὶ
1085 684 1300 748 διδάσκουσαν
1315 686 1382 767 ήδη

103 773 154 835 καὶ
178 773 270 854 πάδη
295 772 349 834 καὶ
372 774 503 853 πράξεις
524 773 601 853 μεθ’
620 773 740 856 ἡδονῆς
757 792 763 806 ·
780 774 811 836 οῖ
834 773 863 835 δ’
882 774 1029 855 ῆμέτεροι
1051 774 1105 836 καί
1127 773 1230 855 μόνον
1250 775 1404 857 ποιητὴν

103 865 226 942 ἔφασαν
258 860 336 924 εῖναι
366 861 421 924 τδν
453 862 592 943 coedes)
638 865 721 922 Haeo
752 883 873 940 quoque
897 865 1039 923 Lascaris
1070 867 1176 922 verba:
1208 865 1227 944 ῆ
1251 865 1385 945 ποιητής

105 952 166 1013 ἐστι
195 950 276 1012 κατὰ
299 950 482 1033 Στράβωνα
506 951 588 1033 ἀνὴρ
612 949 736 1032 ἀγαδδς
759 951 813 1013 καί
834 952 936 1032 μόνος
958 951 1071 1032 σοφός,
1101 951 1155 1014 καὶ
1178 952 1238 1034 οὐχ
1262 951 1386 1015 οἷόντε

103 1039 229 1120 ἀγαθὸν
262 1040 409 1120 γενέσθαι
439 1039 573 1122 ποιητήν
596 1039 642 1121 μῆ
665 1039 821 1120 πρότερον
846 1039 996 1121 γεγονότα
1020 1039 1122 1120 ἄνδρα
1146 1040 1271 1121 ἀγαδόν
1295 1044 1385 1119 plane

104 1134 275 1206 congruunt
307 1149 373 1189 cum
406 1132 459 1200 eis,
493 1149 570 1206 quae
602 1133 726 1206 praebet
750 1133 859 1190 Strabo
884 1132 897 1189 I
929 1150 956 1206 p.
977 1133 1069 1190 1³le
1101 1129 1154 1191 καὶ
1177 1131 1238 1211 οὐχ
1261 1130 1386 1192 οἷόντε

104 1217 229 1298 ἀγαθὸν
263 1218 409 1298 γενέσθαι
439 1217 574 1299 ποιητήν
596 1217 642 1299 μῆ
666 1217 823 1300 πρότερον
848 1218 1021 1300 γενηδέντα
1046 1218 1148 1300 ἄνδρα
1172 1218 1306 1299 ἀγαθόν.
1351 1222 1385 1279 In

104 1311 157 1377 eis,
193 1327 272 1384 qnae
304 1312 457 1377 secuntur,
489 1310 632 1368 Lascaris
657 1309 772 1368 scribit:
804 1309 846 1369 ἔτι
868 1308 1002 1389 ποιητής
1026 1307 1164 1369 ἐστικαὶ
1189 1307 1386 1389 δημιουργός

105 1395 288 1464 συνδέσεως
311 1397 443 1477 πρώτης
465 1402 615 1478 μετρικῆς
639 1415 644 1427 ·
669 1395 723 1458 καὶ
745 1397 891 1478 ποιητική
916 1397 978 1458 ἐστι
1000 1397 1111 1478 πρώτη
1136 1396 1314 1479 κατασκευή
1332 1395 1386 1458 καί

104 1484 186 1566 ἀρχὴ
204 1483 258 1546 καί
273 1483 360 1566 πηγή
378 1486 530 1566 φράσεως
545 1485 599 1546 καὶ
615 1485 794 1567 ῥητορικῆς.
819 1488 902 1558 Quae
915 1489 1008 1545 verba
1020 1489 1152 1562 sumpsit
1164 1507 1201 1546 ex
1214 1489 1386 1547 Strabonel

104 1595 130 1650 p.
147 1577 187 1634 18
198 1576 241 1634 (3.:
258 1573 345 1655 πηγή
363 1573 416 1635 καὶ
432 1573 515 1656 ἀρχή
528 1575 681 1655 φράσεως
692 1575 986 1656 κατεσκευασμένης
998 1574 1052 1636 καί
1064 1575 1235 1656 ῥητορικῆς
1246 1575 1386 1657 ὑπῆρξεν

103 1664 122 1744 ῆ
146 1663 302 1746 ποιητική.

211 1746 360 1828 Deinceps
374 1755 412 1812 ad
421 1755 616 1812 Plutarchum
629 1755 976 1829 progrediturLascaris
990 1755 1042 1830 qui
1053 1757 1148 1813 verba
1159 1755 1213 1812 illa
1224 1756 1387 1813 notissima

104 1844 241 1900 exhibet:
265 1843 285 1922 ἢ
309 1842 455 1923 ποιητική
480 1841 541 1902 ἐστι
564 1840 644 1902 κατά
661 1838 874 1922 Πλούταρχον
893 1841 1045 1923 μιμητικὴ
1068 1841 1161 1923 τέχνη
1182 1841 1236 1903 καὶ
1253 1841 1387 1922 δύναμις

104 1930 314 2010 ἀντίστροφος
335 1936 372 2011 τῇ
402 1930 579 2010 ζωγραφίᾳ.
625 1927 726 1992 “Odor
757 1931 810 1991 καὶ
840 1929 876 1991 τὸ
906 1929 1078 2011 λεγόμενον
1110 1931 1296 2012 ζωγραφίαν
1325 1930 1387 2012 μὲν

104 2017 181 2080 εἶναι
203 2018 330 2099 ποίησιν
354 2019 592 2100 φθεγγομένην,
615 2017 672 2100 τῆν
694 2019 821 2100 ποίησιν
845 2018 880 2082 δὲ
903 2024 1042 2099 σιγῶσαν
1067 2020 1262 2100 ζωγραφίαν.
1303 2023 1387 2092 Quae

105 2110 199 2167 verba
221 2111 417 2168 inveniuntur
440 2111 520 2185 apud
544 2110 739 2168 Plutarchum
763 2111 800 2166 de
825 2110 984 2168 audiendis
1008 2111 1108 2185 poetis
1133 2129 1156 2168 c.
1175 2111 1193 2168 3
1210 2129 1238 2185 p.
1255 2111 1293 2169 17
1310 2111 1341 2169 F.

212 2199 246 2255 ln
270 2199 314 2257 eis
338 2203 450 2279 autem,
476 2217 554 2274 quae
574 2203 727 2266 secuntur,
753 2199 894 2257 Lascaris
911 2190 1055 2273 Diogenis
1071 2199 1183 2256 Laertii
1199 2201 1387 2274 prooemium

107 2288 255 2346 adhibuit.
290 2285 473 2367 Ἀρχηγέται
496 2289 574 2346 euim
587 2305 717 2363 poeseos
743 2290 781 2346 ab
806 2306 841 2347 eo
867 2291 1092 2346 enumerantur:
1116 2285 1256 2368 Πρῶτος
1272 2285 1307 2348 δὲ
1322 2291 1387 2348 τῶν

98 2373 263 2456 Ἑλλήνων
293 2375 427 2456 ποιητής
457 2374 510 2437 καὶ
538 2374 641 2456 σοφδς
663 2373 833 2443 Μουσαῖος
856 2373 1042 2443 Ἐλευσίνιος
1065 2375 1187 2455 ἐγένετο
1210 2374 1297 2456 παρὰ
1320 2380 1386 2438 τῶν

108 2463 270 2526 Φοινίκων
302 2463 472 2546 διδαχθείς,
503 2463 673 2544 δεογονίαν
704 2463 757 2525 καὶ
799 2469 937 2545 σφαῖραν
975 2465 1118 2545 ποιήσας.
1180 2467 1224 2523 Do
1258 2467 1386 2526 Musaeo

104 2562 207 2613 autem
230 2555 381 2630 Diogenes
404 2556 542 2614 Laertius
567 2557 641 2612 haec
665 2557 790 2630 praebet
819 2572 951 2629 prooem.
977 2555 1018 2613 3.:
1068 2551 1158 2614 Ἰδοὺ
1190 2558 1268 2635 γοῦν
1298 2552 1385 2635 παρὰ

101 2641 163 2722 μὲν
188 2639 369 2722 Ἀθηναίοις
397 2643 508 2722 γέγονε
530 2641 714 2714 Μουσαῖος,
745 2640 832 2721 παρὰ
865 2641 899 2703 δὲ
927 2639 1081 2723 Θηβαίοις
1104 2640 1210 2710 Λίνος.
1256 2641 1391 2704 καὶτὸν

102 2729 163 2810 μὲν
188 2728 367 2811 Εὐμόλπου
391 2731 489 2792 παῖδά
514 2753 600 2812 φασι,
623 2737 752 2812 ποιῆσαι
775 2730 810 2793 δὲ
825 2731 995 2810 δεογονίαν
1018 2730 1072 2792 καί
1095 2737 1232 2812 σφαῖραν
1248 2736 1386 2811 πρῶτον.

102 2823 147 2878 Dc
171 2822 247 2879 Lino
272 2822 412 2880 Lascaris
437 2823 494 2879 hoc
517 2823 606 2881 modo
630 2823 758 2880 iudicat:
795 2819 941 2899 δεύτερος
963 2818 1062 2888 Λίνος
1089 2817 1241 2902 Θηβαῖος,
1264 2842 1386 2901 κοσμο-

103 2908 222 2989 γονίαν,
247 2908 336 2988 ήλίου
360 2908 414 2970 καὶ
438 2909 571 2991 σελήνης
593 2910 734 2990 πορείαν,
765 2908 819 2970 καί
850 2909 948 2990 ζῴων
980 2909 1034 2970 καὶ
1063 2913 1199 2988 καρπῶν
1230 2910 1389 2990 γεννήσεις

103 2996 229 3068 ε’κδοός,
256 3000 406 3074 Diogenes
422 3000 440 3058 l.
458 3018 481 3060 e.
499 3019 523 3058 s.
548 3004 581 3059 4:
604 2997 659 3059 τὸν
677 2997 711 3059 δὲ
727 2996 827 3060 Λίνον
842 2997 940 3059 παῖδα
956 2996 1034 3060 εἶναι
1046 2996 1167 3078 Ἑρμοῦ
1184 2998 1238 3060 καί
1248 2997 1387 3080 Μούσης

107 3084 269 3165 Οὐρανίας
291 3105 296 3117 ·
318 3092 449 3168 ποιῆσαι·
478 3086 513 3148 δὲ
546 3087 775 3168 κοσμογονίαν,
807 3086 896 3168 ῆλίου
923 3087 978 3148 καί
1008 3086 1142 3169 σελήνης
1171 3087 1303 3169 πορείαν
1333 3087 1387 3149 καὶ

102 3180 241 3256 καρπῶν
276 3176 416 3255 γενέσεις.
474 3178 534 3235 Sed
565 3179 728 3235 admodum
760 3179 890 3236 breviter
920 3178 1060 3236 Lascaris
1092 3179 1128 3235 de
1160 3179 1275 3254 Orpheo
1308 3180 1387 3253 agit:

105 3263 217 3345 Τρίτος
240 3261 379 3344 Ὀρφεὺς
406 3262 506 3346 Θρᾷξ,
529 3262 679 3345 μαθητής
695 3262 804 3337 Λίνου,
828 3264 1001 3345 πάμπολλα
1017 3265 1152 3346 ποιήσας
1174 3264 1228 3326 καὶ
1250 3264 1388 3334 πολλοὺς

103 3353 248 3434 σοφίσας.
295 3356 445 3430 Diogenes
471 3359 573 3414 autem
596 3357 614 3413 l.
635 3374 658 3414 s,
676 3374 700 3412 s
725 3355 743 3414 5
769 3356 901 3422 dubitat,
935 3357 1014 3414 sitne
1038 3357 1173 3431 Orpheus
1197 3357 1228 3413 in
1250 3357 1386 3430 philoso-

103 3446 234 3519 phorum
258 3462 382 3502 numero
407 3447 574 3520 ponendus.
620 3445 768 3519 Deinceps
792 3445 932 3502 Lascaris
964 3446 1220 3520 comparationem
1249 3446 1387 3504 adhibet:

102 3529 187 3593 Εἶτα
213 3531 244 3592 οῖ
267 3533 333 3610 μετ’
359 3529 474 3600 αὐτοὺς
496 3531 645 3600 λύσαντες
667 3530 702 3593 τδ
725 3531 843 3611 μέτρον
872 3531 1059 3612 ἐποιήσαντο
1083 3531 1138 3594 τὸν
1161 3530 1258 3605 πεζὸν
1280 3531 1386 3612 λόγον,

103 3619 322 3682 καταπεσόντα
346 3619 491 3683 ἀπὸτοῦ
515 3621 621 3700 ὕφους
642 3626 697 3701 τῆς
713 3625 877 3701 ποιητικῆς
901 3620 1007 3701 ὥςπερ
1031 3619 1096 3682 ἀπὸ
1120 3621 1231 3693 ἵππου,
1256 3641 1387 3697 quacum

104 3711 289 3770 conferenda
313 3715 386 3769 sunt
410 3730 455 3779 ca,
482 3730 559 3787 quae
584 3712 697 3785 scripta
720 3712 848 3785 legimus
872 3713 952 3786 apud
978 3713 1173 3769 Plutarchum
1198 3713 1234 3769 de
1257 3712 1387 3787 Pythiae

105 3800 240 3858 oraculis
265 3801 329 3857 406
347 3801 382 3857 E:
419 3798 503 3860 οὕτω
534 3804 590 3861 τοῦ
618 3797 714 3878 λόγου
739 3798 1056 3878 συμμεταβάλλοντος
1079 3799 1145 3879 ἅμα
1169 3797 1223 3860 καί
1246 3821 1386 3860 συναπο-

104 3887 275 3968 λυομένου,
307 3887 424 3968 κατέβη
456 3887 516 3968 μὲν
548 3885 612 3948 ἀπὸ
642 3892 707 3948 τῶν
736 3888 865 3968 μέτρων
888 3887 994 3968 ὥςπερ
1018 3887 1192 3968 ὀχημάτων
1215 3887 1234 3968 ῆ
1259 3887 1387 3968 ἱστορία.

213 3979 285 4035 Ιαδε
309 3997 328 4035 a
356 3979 472 4036 verbis:
518 3982 610 4038 τοῦτο
635 3974 727 4038 δὲτὸ
757 3981 813 4038 τοῦ
845 3981 978 4058 ποιητοῦ
1010 3976 1131 4057 ὄνομα
1163 3974 1313 4056 γενικδν
1344 3977 1386 4038 ὂν

104 4065 241 4146 περιέχει
271 4065 331 4145 ὑφ’
364 4065 466 4145 αὑτῷ
498 4065 578 4146 εἴδη
610 4065 729 4127 πολλά
762 4085 874 4141 magna
905 4085 943 4125 ex
972 4072 1058 4142 parte
1090 4086 1157 4125 cnm
1188 4068 1316 4124 Tzetzae
1348 4067 1387 4124 ad

104 4156 333 4232 Lycophronem
349 4157 570 4230 prolegomenis
595 4157 753 4214 consentit.
801 4157 909 4214 Confer
930 4157 1106 4215 Muellerum
1129 4175 1156 4231 p.
1174 4157 1238 4213 248
1259 4173 1316 4232 sq.:
1343 4152 1387 4215 Τδ

104 4241 237 4324 ποιητὴς
271 4242 331 4323 γὰρ
366 4243 634 4325 ἀπροςδιορίστως
667 4243 837 4324 λεγόμενον
872 4243 1021 4324 γενικόν
1053 4243 1202 4305 ἕστιν”
1182 4266 1302 4324 ονομα
1333 4243 1388 4305 καὶ

214 4385 233 4448 ¹1
253 4383 402 4436 Similit
358 4387 402 4437 rat
404 4383 468 4436 ione
481 4382 587 4436 iudicat
599 4363 682 4436 Plato
695 4383 776 4472 Lysis
788 4383 924 4471 aluum
914 4375 998 4470 joe’
960 4382 1141 4453 ὲειράπημιν,
1156 4378 1227 4434 δοκεῖ
1236 4401 1284 4450 μοι
1295 4389 1387 4472 χρῆγαι

107 4453 181 4516 ἰέναι,
201 4461 348 4506 σκοπσνντα
366 4451 435 4506 κατὰ
453 4455 512 4509 τοὺς
528 4452 663 4519 ποιητάς
684 4447 755 4505 οὗτοι
772 4453 823 4524 γὰρ
840 4452 904 4522 ἡμῖν
914 4439 1025 4524 ὥςπερ
1042 4456 1182 4524 πατέρες
1200 4460 1253 4520 τῆς
1271 4454 1387 4522 σοφίας

107 4519 174 4577 εἰσὶ
192 4523 280 4577 ucl‘
267 4523 438 4594 ηγειιόνεε

159 4620 263 4676 Kayser.
1191 4615 1208 4668 5
