3190 4944
720 229 940 286 ,20-

188 407 311 481 cogitat,
348 407 379 464 id
409 409 511 464 tamen
542 407 573 464 in
604 424 737 481 paupere
768 423 873 464 verum
909 423 978 464 esse
1011 405 1211 474 demonstrat;
1247 406 1369 464 simul
1402 423 1474 482 per

188 496 374 555 mimesin
397 495 629 572 loquentem
653 496 776 554 divitem
799 493 894 552 iacit?
903 488 927 576 1)
955 495 994 553 ad
1019 495 1107 569 epist.
1130 495 1164 562 11,
1176 495 1204 563 2,
1217 495 1272 553 63:
1297 495 1411 571 ‘renuis
1434 499 1471 553 tu

187 586 269 661 quod
293 585 378 643 iubet
409 585 492 643 alter.
525 585 597 643 mire
628 585 689 642 iam
721 583 948 642 dramatico
981 585 1226 644 charactere
1249 587 1406 659 tamquam
1431 585 1471 640 ad

187 675 274 748 ipsos
298 675 445 732 convivas
468 674 605 749 loquitur
626 691 721 731 unum
745 691 894 749 quemque
918 691 1021 730 eorum
1045 673 1204 747 appellans
1228 673 1258 730 id
1281 675 1469 748 poscentem,

188 764 268 838 quod
293 764 401 822 ceteris
426 761 583 837 displicet.³

295 853 355 910 Sed
387 853 424 909 ad
457 853 548 909 aliam
580 852 791 926 quaestionem
823 851 1013 908 accedamus.
1063 851 1141 908 Nam
1173 851 1318 925 exegetioi
1349 851 1471 924 generis

188 941 306 1017 speeies
323 960 342 998 a
354 942 498 999 Diomede
515 959 542 1016 p.
561 940 638 1010 54‚1
657 941 772 998 Kaibel.
790 941 902 998 allatas
919 938 1100 1015 respondere
1117 940 1171 1008 eis
1189 958 1268 1015 quae
1285 941 1316 998 in
1332 942 1470 998 tractatu

188 1031 310 1089 Ooislin.
342 1028 491 1110 ἀμιμήτῳ
522 1030 624 1104 generi
647 1030 863 1095 attribuuntur,
896 1029 1119 1087 demonstravit
1140 1029 1329 1087 Immischius
1353 1030 1372 1089 l.
1396 1047 1420 1087 s.
1445 1047 1470 1086 s

75 1127 78 1132 '
187 1138 215 1195 p.
232 1120 298 1178 264
309 1137 374 1194 sqq.
420 1119 525 1194 Neque
548 1137 621 1176 vero
645 1119 675 1176 in
699 1119 827 1193 singulis
853 1119 928 1176 artis
952 1118 1112 1176 vocabulis
1137 1122 1314 1192 congruunt.
1361 1119 1471 1193 ltaque

187 1227 203 1267 e
227 1227 259 1267 re
283 1227 351 1267 esse
376 1208 448 1265 mihi
471 1208 591 1265 videtur
607 1208 639 1264 in
653 1208 729 1266 haec
744 1208 903 1282 inquirere,
928 1207 959 1264 id
975 1207 1240 1282 quodquamum
1256 1207 1354 1275 video,
1380 1225 1471 1265 nemo

187 1299 287 1356 adhuc
310 1297 390 1354 feeit.
430 1294 569 1376 ῖστορικὴ
594 1301 695 1354 autem
719 1297 846 1355 affertur
870 1299 908 1355 ab
932 1300 1061 1371 utroque
1086 1300 1219 1354 auctore.
1255 1297 1341 1367 Quod
1365 1296 1470 1371 poesis

187 1404 283 1461 genus
308 1386 441 1444 excoluit
463 1385 616 1452 Eumelus,
642 1386 671 1443 id
697 1387 778 1461 quod
802 1386 947 1460 scriptum
963 1385 1092 1460 legimus
1108 1386 1139 1443 in
1157 1385 1274 1443 scholio
1291 1385 1330 1442 ad
1346 1384 1471 1443 Pindari

188 1475 302 1551 Olymp.
327 1474 401 1544 XIII,
412 1476 466 1533 74:
495 1471 649 1555 Εὔμηλός
678 1495 723 1541 τις
752 1471 885 1554 ποιητὴς
909 1471 1099 1553 ἱστορικόςθ)
1144 1475 1188 1532 Ι)ο
1212 1474 1342 1533 Homero
1366 1477 1471 1532 autem

187 1564 369 1622 Eustathius
394 1564 453 1622 hoc
477 1564 566 1622 modo
583 1564 700 1621 iudicat
715 1582 743 1639 p.
761 1564 834 1630 409,
847 1564 978 1638 20sqq.:
1002 1561 1105 1630 οὕτως
1120 1561 1312 1643 εὐμηχάνως
1322 1558 1472 1642 ’Όμηρος

186 1651 241 1721 τὰς
272 1653 336 1722 ἔξω
367 1673 399 1712 τε
427 1655 484 1712 τοῦ
515 1655 572 1713 νῦν
599 1656 712 1730 καιροῦ
737 1651 872 1731 ἱστορίας
895 1649 1100 1722 ἔπεισοθιάζει
1122 1655 1159 1731 τῇ
1182 1651 1305 1731 ποιήσει
1318 1648 1381 1712 ’καὶ
1402 1654 1472 1720 ταῖς

186 1739 341 1821 μεθόὸοις
372 1738 469 1820 αὐτὴν
499 1739 729 1802 καταποικίλλει
751 1744 815 1802 τῶν
846 1739 1050 1820 ἀφηγήσεων.
1096 1740 1228 1801 ἕκαστον
1251 1738 1312 1820 γὰρ
1334 1743 1400 1800 τῶν
1419 1739 1472 1800 ἐν-

186 1829 291 1891 ταῦθα
321 1829 510 1909 προσώπων
541 1828 646 1897 ἄλλως
675 1828 729 1890 καὶ
760 1828 865 1897 ἄλλως
893 1827 1096 1909 μεθοδεύσας
1117 1828 1276 1908 παρέθετο
1300 1827 1474 1908 ε’κφεύγων

188 1918 235 1986 ὡς
265 1917 362 1980 εἴωθε
391 1916 427 1979 τὸ
458 1916 622 1998 μονοειδὲς
651 1916 705 1979 καὶ
735 1917 845 1980 ὕπτιον
871 1923 927 1980 τοῦ
951 1919 1110 1998 ἱστορικοῦ
1135 1913 1415 1999 ἀφηγηματικοῦῧ)
1439 1922 1474 1976 et

188 2028 215 2085 p.
236 2009 394 2077 luisse:
420 2006 439 2068 ὁ
461 2005 594 2088 ποιητὴς
617 2005 774 2087 ἱστορικὸν
799 2006 974 2069 ἐπεισόδιον
995 2012 1034 2088 τῇ
1058 2007 1156 2069 αὐτοῦ
1171 2007 1295 2088 ποιησει
1310 2005 1473 2086 ἐγκατατί-

187 2094 313 2176 θεται.*)

296 2188 360 2245 lam
383 2187 440 2257 erit
463 2188 613 2261 agendum
637 2187 674 2244 de
697 2187 750 2245 illo
773 2184 965 2265 παιδευτική.
1004 2188 1060 2245 Est
1082 2190 1184 2244 autem
1208 2204 1245 2243 ea
1267 2185 1380 2261 poesis,
1407 2203 1474 2260 qua

190 2280 221 2334 et
252 2277 448 2334 admonemur
480 2279 510 2333 et
541 2276 700 2334 erudimur.
747 2277 823 2334 lllud
854 2273 1062 2352 παιδευτικός,
1095 2276 1123 2334 si
1150 2276 1285 2333 locorum
1310 2275 1348 2331 ad
1373 2277 1470 2332 artem

190 2366 339 2440 poetieam
357 2366 560 2439 spectantium
576 2367 724 2424 habemus
740 2365 898 2433 rationem,
916 2366 1077 2422 adhibetur
1091 2364 1124 2422 in
1139 2364 1233 2424 schol.
1250 2364 1290 2421 ad
1307 2363 1471 2439 Sophoclis

190 2454 292 2529 Oedip.
309 2455 437 2529 Tyrann.
455 2473 482 2512 v.
500 2455 563 2512 946
589 2454 723 2531 (Scholia
746 2455 776 2512 in
793 2455 953 2530 Sophoclis
969 2454 1154 2526 Tragoedias
1171 2456 1277 2510 vetera
1300 2454 1343 2511 ed.
1360 2452 1471 2510 Petrus

189 2543 223 2601 N.
248 2544 476 2618 Papageorgius
499 2561 527 2617 p.
545 2543 618 2611 200,
632 2542 674 2620 ll:
705 2540 906 2604 παιδευτικόν
928 2564 955 2601 τι
979 2541 1109 2620 ἔγκειται
1131 2545 1177 2620 τῷ
1201 2539 1336 2621 δράματι
1359 2539 1406 2607 ὡς
1428 2539 1471 2600 οὐ

191 2630 240 2692 δεῖ
264 2635 475 2711 καταφρονεῖν
502 2634 567 2691 τῶν
590 2629 690 2692 θείων
713 2645 720 2658 ·
744 2631 776 2692 οἱ
798 2629 858 2710 γὰρ
881 2635 1007 2692 τοιαῦτα
1031 2629 1249 2710 φθεγξάμενοι
1270 2629 1338 2710 μετ’
1364 2628 1472 2708 ὀλίγον

190 2720 385 2800 φανήσονται
409 2718 473 2781 οἶοί
493 2720 578 2781 εἰσιν.
613 2722 686 2779 Loci
708 2725 820 2789 autem,
846 2723 898 2778 ubi
920 2717 956 2780 τὸ
979 2722 1044 2780 τῶν
1069 2717 1244 2798 ὁραμάτων
1267 2717 1473 2780 παιδευτικόν-

189 2811 220 2868 in
243 2811 427 2882 tragicorum
451 2811 576 2868 scholiis
599 2813 758 2878 tractatur,
785 2810 912 2868 conlecti
936 2812 1009 2868 sunt
1032 2829 1051 2866 a
1074 2809 1344 2882 Trendelenhurgio
1367 2808 1386 2867 l.
1403 2825 1427 2866 s.
1445 2825 1470 2865 s

189 2918 217 2975 p.
234 2900 296 2957 128
306 2917 371 2974 sqq.
396 2899 518 2956 Scholia
530 2902 637 2958 nostra
652 2901 682 2956 in
696 2899 876 2974 Sophoclem
888 2899 1119 2974 Euripidemque
1135 2916 1203 2955 curn
1216 2904 1255 2954 ad
1267 2891 1472 2976 Didymum‚⁶)

190 2989 243 3063 qni
266 2989 481 3063 Aristophanis
497 2989 639 3063 Byzantii
662 2989 775 3064 pressit
797 2989 936 3062 vestigia,
963 2988 1025 3044 sint
1048 2988 1212 3056 referenda,
1238 2988 1333 3062 primo
1358 3005 1385 3046 a.
1402 2985 1471 3046 Ghr.

189 3095 217 3135 u.
235 3077 359 3136 saeculo
383 3077 457 3135 illud
479 3074 680 3137 παιδευτικόν
703 3079 734 3134 in
757 3077 876 3135 iudiciis
901 3078 939 3134 ad
965 3079 1060 3134 artem
1080 3077 1231 3152 poeticam
1247 3075 1472 3151 pertinentibus

189 3184 257 3224 esse
280 3171 463 3241 usurpatum
486 3163 722 3241 irrtellegimus.⁶l
760 3167 849 3241 Apud
866 3166 1020 3224 Pollucem
1036 3169 1138 3223 autern
1154 3165 1184 3222 in
1201 3164 1355 3222 Onomast.
1369 3164 1417 3231 IV,
1426 3163 1468 3221 42

189 3273 252 3312 una
276 3258 528 3313 commemoratur
554 3252 736 3334 παιδευτική
762 3259 792 3313 et
814 3252 1003 3334 ὑφηγητική.
1051 3255 1201 3330 Scriptum
1226 3255 1304 3311 enim
1327 3253 1473 3328 legimus:

189 3339 370 3422 παιδευτικὴ
407 3340 441 3403 δὲ
474 3342 567 3422 τέχνη
603 3340 656 3402 καὶ
691 3341 858 3423 ἒξηγητικη
894 3341 947 3406 καὶ
981 3339 1162 3423 ὑφηγητικη
1198 3339 1252 3401 καὶ
1284 3340 1469 3422 ἡγεμονική.

189 3433 350 3490 Praeterea
373 3451 392 3488 a
415 3433 614 3506 scriptoribus
631 3433 809 3508 Byzantinis
834 3436 1000 3508 usurpatur
1023 3432 1098 3490 illud
1120 3428 1328 3498 παιδευτικός.
1367 3431 1471 3489 Veluti

188 3523 219 3578 in
244 3521 337 3579 schol.
362 3522 400 3578 ad
425 3521 550 3579 Hesiodi
581 3519 659 3599 ἔργα
689 3519 742 3580 καὶ
773 3519 895 3601 ἡμέρας
925 3521 984 3579 vol.
1001 3521 1028 3578 Il
1050 3539 1078 3595 p.
1096 3521 1178 3588 23‚3
1203 3521 1298 3584 Gaisl.
1323 3520 1470 3593 scriptum

189 3611 330 3684 legimus:
344 3605 384 3670 ‘O
394 3606 516 3676 σκοπὸς
526 3613 583 3670 τοῦ
596 3607 718 3692 βιβλίου
732 3608 930 3677 παιδευτικός
946 3608 1034 3670 ἔστιν.
1057 3611 1157 3684 Atque
1174 3611 1266 3667 etiam
1281 3609 1471 3684 prooemium

297 3802 315 3868 ¹)
336 3800 371 3854 ci.
391 3801 427 3854 ad
453 3801 534 3869 epist.
549 3801 622 3864 1,]7,
633 3801 680 3855 46;
705 3799 847 3855 ‘indotata
872 3818 907 3854 m.
933 3800 1057 3854 mimesis
1081 3800 1175 3869 figura
1199 3799 1255 3855 hoc
1279 3801 1325 3854 est
1347 3799 1473 3853 imitatio

190 3873 333 3944 poscentis
353 3871 475 3942 aliquid.³
494 3873 536 3926 61.
556 3870 672 3926 ‘credite
690 3890 747 3926 non
767 3872 840 3925 ludo.
860 3872 984 3946 mimesis
1003 3871 1058 3925 hoc
1077 3879 1120 3926 est
1140 3869 1281 3926 imitatio.'

296 3943 316 4011 η
336 3943 481 3998 Eiusmodi
506 3949 606 4013 poetas
631 3946 667 3998 ab
687 3944 839 3997 Aristotele
864 3961 927 3997 esse
951 3943 1114 4013 repudiatos
1138 3943 1212 3997 inter
1231 3957 1327 3996 omnes
1346 3944 1469 3996 constat.

150 4077 153 4081 Α
189 4015 225 4068 ci.
247 4021 300 4069 art.
320 4021 394 4085 poet.
417 4015 529 4068 llolbl
543 4031 602 4085 sqq.

296 4087 314 4152 ἰ
334 4085 362 4139 cf
389 4086 540 4140 Adamium
558 4088 574 4141 1.
589 4103 611 4139 s.
625 4103 647 4140 s.
666 4101 692 4154 p.
706 4085 749 4138 41.

295 4157 315 4218 q
336 4157 371 4210 cl.
392 4157 541 4211 Adamium
559 4158 576 4210 l.
590 4174 611 4212 s.
625 4174 647 4210 s.
666 4175 692 4225 p.
706 4157 748 4210 59.

296 4229 315 4294 ⁶)
336 4229 372 4282 el.
393 4228 678 4296 Trendeleuhurgium
697 4228 714 4281 l.
728 4245 750 4282 s,
764 4245 786 4282 s.
805 4243 832 4296 p.
846 4228 880 4280 54
891 4244 950 4298 sqq.

295 4300 314 4358 ⁶t
335 4300 503 4353 Plutarchus
523 4300 588 4352 dicit
607 4303 669 4368 περὶ
681 4304 802 4366 μουσικῆς
821 4315 843 4352 ο.
854 4299 889 4352 27
905 4299 957 4352 vol.
969 4299 1008 4353 VI
1028 4316 1052 4368 p.
1063 4299 1117 4352 512
1129 4299 1224 4352 Bermz
1244 4295 1289 4349 ἐπὶ
1306 4299 1399 4366 μέντοι
1415 4303 1474 4351 τῶν

188 4369 255 4422 καθ’
279 4369 347 4438 ἡμᾶς
364 4368 464 4440 χρόνων
481 4376 607 4422 τοσοῦτον
625 4366 765 4422 ἐπιδέδωκε
782 4367 813 4420 τὸ
832 4377 875 4434 τῆς
895 4365 1045 4439 διαφθορᾶς
1058 4365 1131 4431 εἶδος,
1151 4366 1214 4424 dicre
1230 4375 1290 4421 τοῦ
1307 4368 1371 4437 μὲν
1386 4387 1473 4422 παι-

189 4439 343 4494 δευτικοῦ
359 4441 485 4512 τρόπον
502 4438 634 4510 μηδεμίαν
651 4441 745 4501 μνείαν
761 4436 824 4508 μηδ’
848 4437 989 4509 ἀντίληψιν
1007 4436 1081 4503 εἶναι,
1104 4439 1207 4496 πάντας
1225 4436 1254 4492 δὲ
1271 4441 1330 4497 τοὺς
1347 4449 1475 4510 μουσικῆς

188 4513 350 4583 ἀτωμένους
367 4512 434 4583 πρὸς
451 4515 499 4579 τὴν
516 4514 663 4582 θεατρικὴν
679 4514 920 4583 προσκεχωρηκέναι
938 4519 1050 4580 μοῦσαν.
