3190 4944
749 173 971 276 ss46„

218 395 337 466 Quibus
360 395 436 454 locis
461 396 645 470 comparatis
668 413 756 455 nemo
782 396 846 464 erit,
877 397 950 471 quin
976 396 1133 470 intellegat
1155 396 1230 454 haec
1254 397 1356 457 omnia
1380 415 1418 454 ex
1442 414 1500 456 uuo

221 485 387 560 eodemque
409 484 493 542 fonte
516 483 652 546 fluxisse.
698 484 731 541 In
755 503 815 561 quo
840 485 1028 560 tragoediam
1059 503 1128 543 cum
1156 486 1314 544 comoedia
1336 504 1405 545 esse
1430 504 1500 545 eou-
1579 533 1580 564 3

220 573 316 632 latam
340 592 377 632 ox
399 573 475 632 locis
500 574 739 649 suprascriptis
764 591 910 649 apparere
933 575 1044 633 iudico.
1080 575 1139 634 Sed
1163 575 1190 634 si
1207 576 1389 651 quaerimus,
1417 577 1500 651 quis-

221 680 291 722 nam
323 661 414 722 fuerit
445 663 614 722 communis
647 663 697 720 ille
730 666 851 732 auctor,
889 681 997 721 ansam
1028 663 1117 722 uobis
1148 665 1275 739 praebet
1305 664 1441 724 Isidorus
1472 666 1502 722 in

220 750 375 826 Originum
391 751 467 810 libro
483 751 585 810 XVIII.
614 751 670 809 Ubi
686 752 755 810 inde
772 769 791 810 a
807 748 825 831 ξ
842 752 890 811 16.
906 770 1005 827 usque
1029 753 1068 810 ad
1084 748 1102 831 ξ
1120 753 1170 810 59.
1198 753 1348 811 Isidorum
1364 754 1502 813 Suetonii

220 839 338 908 librum,
373 841 425 917 qui
448 841 624 898 iuscribitur
651 841 768 899 ludIera
789 841 920 901 historia
944 842 1014 918 sive
1045 838 1118 920 περὶ
1138 844 1204 901 τῶν
1226 839 1314 921 παρὰ
1334 839 1502 922 Ῥωμαίοις

219 926 371 1008 ’θεωριῶν
401 926 455 990 καὶ
485 926 631 1006 ἀγώνων,
663 929 693 988 in
725 947 815 990 usum
848 947 937 988 suum
969 931 1157 990 convertisse
1186 933 1333 1006 probante
1356 931 1469 991 Meiere
1479 930 1500 1006 1)
1579 937 1580 978 ἐ

219 1019 332 1080 statuit
353 1018 630 1086 Reifferscheidius
663 1017 694 1076 id
718 1019 800 1095 qnod
831 1019 903 1077 mihi
932 1020 1052 1094 quidem
1084 1021 1274 1095 comprobari
1306 1020 1428 1079 videtur
1458 1022 1500 1079 eis

219 1108 331 1174 verbis
357 1126 435 1183 quae
466 1107 554 1165 inItio
578 1107 675 1165 totius
698 1108 795 1183 partis
827 1125 864 1166 ex
888 1108 1027 1167 Suetonii
1054 1108 1172 1166 ludicra
1199 1109 1329 1168 historia
1361 1113 1501 1186 sumptae
1579 1133 1580 1156 1

219 1197 336 1272 scripta
370 1199 494 1254 exstant
527 1196 578 1254 lib.
602 1196 706 1266 XVIII,
725 1197 818 1266 16,1:
859 1197 1061 1274 ς8000100110,
1099 1200 1140 1260 nt,
1169 1199 1285 1274 opInor,
1322 1199 1502 1274 generaliter
1579 1201 1580 1236 1

220 1286 413 1343 nominantur
435 1284 623 1360 voluptates,
649 1304 727 1361 quae
750 1304 812 1344 non
835 1304 888 1361 per
905 1287 1269 1363 ,semetipsaiuquinaut
1301 1288 1355 1346 sed
1378 1305 1433 1363 per
1455 1307 1499 1356 ea,

219 1392 298 1449 quae
317 1374 378 1431 illio
394 1377 546 1448 geruntur.
581 1374 671 1432 Dicta
695 1379 796 1432 autem
820 1376 998 1450 spectacula
1021 1394 1078 1444 eo„
1093 1377 1174 1452 quod
1190 1377 1363 1435 hominibus
1380 1377 1502 1452 publiea
1579 1369 1580 1442 )

218 1463 261 1521 ibi
284 1464 467 1538 praebeatur
489 1463 647 1539 inspectio.
695 1464 777 1522 Haec
801 1467 832 1521 et
855 1464 1017 1523 ludicra
1039 1468 1226 1540 nuncupate,
1259 1467 1343 1540 quod
1365 1466 1397 1524 in
1420 1466 1500 1524 ludis
1579 1481 1580 1544 1

218 1554 363 1626 gerantur
394 1555 449 1608 aut
479 1552 510 1609 iu
541 1551 680 1611 scaenis?
727 1554 810 1623 Quae
842 1571 909 1611 cum
941 1554 986 1611 ita
1017 1554 1087 1622 sint,
1120 1555 1295 1613 Diomedem
1319 1573 1443 1631 quoque
1466 1573 1501 1613 ex
1579 1551 1580 1578 ³

219 1641 358 1698 Suetonii
380 1640 498 1699 ludicra
520 1641 650 1699 historia
673 1641 820 1700 hausisse
852 1643 1048 1700 statuendum
1080 1645 1136 1706 est,
1169 1643 1198 1700 id
1224 1644 1305 1720 quod
1329 1643 1500 1705 Olennius

219 1730 238 1788 l.
255 1747 279 1788 s.
296 1747 320 1788 s.
345 1730 524 1788 coniecerat.
570 1731 676 1806 Itaque
693 1730 872 1788 Buchholzii
896 1731 1057 1799 sententia,
1083 1749 1175 1807 quam
1195 1732 1324 1807 protuIIt
1345 1733 1377 1790 in
1401 1733 1500 1791 annal.

219 1818 402 1877 Fleckeisen.
426 1819 486 1876 vol.
507 1818 567 1878 155
592 1818 702 1898 (1897)
725 1839 753 1895 p.
773 1820 834 1878 136
844 1838 918 1896 sqq„
948 1821 1163 1890 labefactatum
1189 1822 1242 1897 qui
1264 1822 1441 1880 Diomedem
1465 1840 1500 1880 ex

219 1907 330 1965 Valerii
353 1907 445 1965 Probi
468 1899 691 1966 commentariIs
716 1909 873 1966 materiam
890 1927 985 1967 ‘suam
1008 1910 1151 1968 hausisse
1175 1913 1287 1968 censet.

246 2029 247 2033 =
326 1997 389 2054 lam
414 1997 471 2054 erit
493 1998 642 2072 agendum
659 1998 695 2055 de
712 1998 954 2056 derivationibus
970 2016 1081 2056 vocum
1105 1997 1264 2076 ‘tragoedi'
1289 2002 1320 2056 et
1342 1998 1498 2077 ‘comoedi'

219 2086 301 2160 apud
324 2085 473 2144 Isidorum
504 2087 635 2144 traditis.
681 2087 737 2145 His
762 2102 884 2164 quoque
916 2088 991 2146 locis
1023 2091 1134 2146 certam
1167 2089 1321 2164 quandam
1352 2090 1500 2148 rationem
1579 2109 1580 2116 ¹

219 2174 298 2232 inter
327 2174 477 2232 Isidorum
509 2178 539 2232 et
568 2176 744 2234 Diomedem
774 2177 958 2234 intercedere
994 2195 1031 2235 ex
1061 2177 1119 2235 bac
1151 2177 1378 2253 comparatione
1410 2178 1499 2236 facile

219 2266 322 2338 potest
345 2264 493 2338 intellegi:
982 2279 984 2286 ’
1261 2265 1264 2270 ’

367 2353 504 2411 Isidorus
520 2353 594 2422 VIII,
611 2354 640 2421 7,
652 2353 687 2412 5:
939 2355 1100 2414 Diomedes
1124 2373 1152 2430 p.
1171 2355 1223 2424 57,
1240 2355 1301 2414 127
1325 2355 1447 2414 Kaibel:

217 2441 366 2515 'lbagoedi
382 2442 463 2510 dicti,
490 2443 571 2518 quod
591 2442 678 2501 initio
695 2443 831 2500 canenti·
887 2444 1053 2516 tragoedia,
1080 2447 1115 2501 nt
1137 2444 1270 2520 quidam,
1297 2463 1316 2502 a
1338 2441 1447 2525 τράγῳ
1471 2447 1500 2502 et

218 2532 276 2588 bus
304 2531 470 2604 praemium
502 2534 567 2589 erat
597 2532 709 2598 hircus,
742 2549 831 2608 quem
887 2529 960 2611 ᾠδῇ
984 2533 1066 2591 dicta
1089 2535 1145 2600 est,
1180 2534 1323 2609 quoniam
1353 2534 1424 2592 olim
1449 2551 1500 2592 ac-

218 2619 326 2677 Graeci
360 2617 475 2699 τράγος
509 2623 631 2679 vocant.
683 2621 766 2680 Unde
802 2624 833 2679 et
886 2622 1006 2679 toribus
1027 2622 1151 2696 tragicis
1167 2619 1291 2702 τράγος,
1315 2623 1346 2679 id
1371 2626 1420 2681 est
1439 2623 1499 2680 bir-

218 2707 376 2766 Horatius:
887 2728 951 2778 ene,
969 2711 1135 2786 praemium
1151 2714 1261 2769 centus
1274 2714 1500 2787 proponebatur

218 2797 355 2855 Garrulus
379 2798 431 2872 qui
463 2798 579 2872 tragico
611 2798 701 2856 vilem
733 2801 830 2856 certa-
887 2842 922 2856 ..
946 2843 951 2856 .
976 2802 1007 2856 et
1033 2799 1180 2858 Horatius
1215 2801 1246 2857 iu
1281 2802 1347 2858 arte
1378 2802 1500 2875 poetica
1579 2825 1580 2880 g

393 2887 439 2944 vlt
463 2888 501 2945 ob
525 2887 651 2946 hircum.
836 2922 839 2928 ·
887 2886 925 2964 (v.
943 2888 1028 2946 220.
1043 2887 1127 2964 221).

219 2975 258 3032 id.
282 2975 360 3043 VIII,
381 2975 409 3043 7,
426 2975 462 3034 6:
509 2975 651 3034 Comoedi
686 2975 831 3051 appellati
886 2977 925 3036 id.
955 2996 982 3052 p.
1008 2978 1142 3046 57,142
1171 2978 1294 3036 Kaibel:
1342 2979 1500 3037 comoedia
1579 2987 1580 2994 ’

219 3065 285 3122 sive
317 3082 337 3121 a
367 3063 445 3133 loco,
483 3065 556 3140 quia
591 3065 702 3123 circum
733 3083 831 3141 pagos
887 3066 970 3124 diota
986 3063 1050 3126 ἀπὸ
1065 3069 1130 3125 τῶν
1146 3069 1271 3145 κωμῶν
1283 3061 1405 3148 (κῶμαι
1422 3069 1498 3126 enim

218 3155 359 3228 agebant,
374 3154 567 3228 quosGraeei
579 3151 695 3232 κώμας
707 3157 829 3222 vocant,
887 3155 1080 3231 appellantur
1103 3157 1183 3229 pagi,
1216 3156 1247 3213 id
1271 3159 1318 3214 est
1342 3158 1499 3215 conventi-

219 3243 284 3299 sive
301 3260 320 3299 a
337 3243 550 3300 comesatioue.
583 3243 730 3301 Solebant
753 3243 831 3301 euim
887 3244 956 3301 cula
979 3240 1260 3326 rusticorum)...
1283 3244 1333 3302 vel
1356 3242 1421 3305 ἀπὸ
1444 3249 1499 3306 τοῦ

218 3334 290 3405 post
306 3331 403 3388 cibum
420 3331 558 3388 homiues
580 3332 618 3388 ad
635 3349 688 3390 eos
706 3333 832 3390 audien·
886 3330 1012 3412 κώμου,
1045 3334 1074 3390 id
1108 3336 1157 3391 est
1184 3334 1394 3402 comisatione,
1428 3336 1500 3410 quia

219 3421 274 3477 dos
298 3421 407 3478 venIre.
887 3423 958 3480 olim
981 3423 1011 3480 in
1037 3423 1186 3481 eiusmddi
1201 3423 1499 3481 fabulis‘amautium

886 3511 1031 3570 iuvenum
1054 3513 1162 3590 κῶμοι
1185 3513 1381 3570 canebantur.

218 3597 304 3656 Hanc
328 3597 547 3655 derivationem
571 3598 611 3656 ad
634 3599 800 3656 Varronem
824 3594 901 3658 esse¹
916 3601 1102 3658 referendam
1128 3617 1165 3658 ex
1189 3602 1233 3658 eis
1257 3603 1393 3676 apparet,
1421 3620 1499 3678 quae
1579 3609 1580 3654 ξ

218 3687 333 3762 scrIpta
356 3689 482 3745 exstent
505 3687 541 3744 de
565 3686 671 3760 lingua
693 3686 804 3746 Latina
819 3688 882 3758 VII,
895 3688 950 3746 89:
976 3690 1075 3766 ‘Apud
1098 3689 1240 3773 Ennium:

378 3776 410 3832 Si
433 3775 519 3856 voles
544 3776 703 3835 advortere
726 3777 869 3846 animum,
895 3778 1019 3836 comiter
1042 3779 1260 3837 monstrabitur
1281 3796 1338 3847 -;

219 3865 357 3923 comitor:
381 3864 476 3922 hilare
493 3883 529 3923 ae
544 3865 690 3934 lubenter,
717 3867 828 3941 quoius
850 3851 1070 3940 origoGraeca
1083 3869 1211 3945 κῶμος;
1235 3869 1304 3926 iude
1321 3869 1498 3927 comissatio
1579 3903 1580 3952 l

217 3954 324 4012 Latine
348 3954 442 4023 dicta;
474 3956 505 4011 et
527 3953 558 4012 in
581 3954 716 4023 Graecia,
750 3959 785 4013 ut
808 3955 930 4031 quidam
954 3956 1100 4024 scribunt,
1135 3955 1295 4026 comodia,’
1319 3957 1373 4014 illa
1397 3961 1499 4016 autem
1579 3953 1580 4014 l

217 4043 372 4101 Diomedis
403 4042 578 4102 testimonio
610 4044 679 4120 ipsa
707 4061 828 4120 quoque
859 4061 897 4102 ex
920 4045 1055 4103 Varrone
1085 4045 1184 4103 fluxit
1230 4046 1365 4104 Isidorus
1398 4050 1498 4105 autem

218 4131 373 4208 perperam
397 4132 516 4194 derivat
539 4132 614 4190 illud
638 4133 875 4210 ,comesatiouess
910 4135 992 4210 quod
1022 4136 1147 4210 praebet
1169 4153 1223 4211 pro
1248 4135 1497 4212 ,comissationess
1579 4127 1580 4196 Ϊ

219 4239 240 4278 a
262 4238 338 4280 voce
362 4217 571 4298 comedendil)

324 4358 344 4425 1)
364 4359 401 4413 of.
420 4359 451 4413 P.
471 4359 496 4414 J.
515 4359 649 4413 Meierum
669 4360 703 4413 de
722 4359 883 4428 gladiatura
901 4361 1032 4415 Romana
1051 4360 1119 4416 dies.
1135 4361 1217 4414 Bonn
1231 4359 1298 4416 1881
1318 4378 1345 4432 p.
1359 4361 1384 4416 7.

324 4431 343 4500 ²)
362 4431 400 4486 ei.
418 4430 582 4496 Waldeum,
610 4430 804 4500 Lateinisehes
831 4431 1079 4502 Etymologisehes
1107 4430 1304 4499 Wdrterbueh,
1333 4433 1499 4504 Heidelberg
1579 4389 1580 4394 ἵ

217 4497 287 4555 rsoe
304 4518 332 4572 p.
346 4500 406 4558 rae.
