3190 4944
738 240 955 298 ...32-

206 416 310 497 μέσου
335 414 378 487 δὲ,
399 416 417 476 δ
440 414 494 477 και
516 415 667 496 ἑκατέρου
691 415 821 496 μετέχει,
875 416 975 495 μέσον
1019 414 1071 477 δέ
1094 413 1131 477 τδ
1174 416 1324 496 ἑκατέρου
1367 416 1490 478 τούτων

208 510 265 567 τοῦ
288 504 347 585 μέν
370 503 559 585 ἰσχνότερον,
584 509 641 566 τοῦ
665 503 700 566 δὲ
723 503 820 583 ἁδρό-
875 502 994 584 μεταξὺ
1016 509 1072 566 τοῦ
1095 503 1155 585 μιν
1178 504 1359 585 ἰσχνότερον
1382 511 1439 567 τοῦ
1461 505 1489 566 δ’

207 616 308 674 τερον,
812 633 814 639 1
877 592 1059 673 ἁδρότερον,

209 682 263 745 και
296 687 352 745 τοῦ
385 681 444 763 μὲν
479 681 580 761 ἁδροῦ
618 681 820 763 παράδειγμα
877 679 925 744 ὧν
947 681 1001 744 καὶ
1017 683 1078 744 ἔστι
1092 681 1341 764 παραδείγματα,
1362 679 1490 746 Θουκυ-

213 768 425 853 Θουκυδίδης,
440 777 497 834 τοῦ
514 770 549 833 δὲ
564 772 673 851 ἰσχνοῦ
689 769 820 844 Λυσίας,
877 770 968 833 δίδου
991 770 1051 852 μὲν
1073 771 1109 833 τὸ
1126 770 1236 853 ἁδρόν,
1256 770 1380 834 Λυσίου
1406 771 1441 834 δὲ
1455 771 1491 834 τὸ

208 865 265 922 τοῦ
289 859 324 923 δὲ
345 861 446 942 μέσου
471 859 691 941 Δημοσθένης.
876 859 993 941 ι’σχνόν,
1010 859 1242 942 Δημοσθένους
1266 858 1359 923 δὲτὸ
1382 862 1490 941 μέσον.

209 949 379 1031 συμπιέκει
392 949 426 1012 δέ
435 949 526 1030 ὅμως
536 947 668 1029 αὐτῷτδ
676 947 821 1029 άνύηρδν
877 947 923 1010 δτι
946 947 981 1011 δὲ
1003 949 1057 1010 καὶ
1079 948 1115 1011 τὸ
1136 948 1280 1031 ἀνθηρὸν
1296 947 1381 1018 εἶδος
1390 949 1410 1029 ¹)
1426 954 1492 1012 τῶν

207 1043 272 1101 τῶν
294 1038 400 1119 λόγων
424 1036 517 1110 εἶδος,
538 1037 612 1118 ὃδὴ
629 1038 722 1118 χάριν
737 1037 821 1119 ὁμσῦ
875 1037 981 1117 λόγων
1004 1037 1066 1100 ἔστι
1089 1037 1171 1100 πολὺ
1193 1038 1280 1119 παρὰ
1303 1044 1351 1119 τῷ
1366 1045 1491 1121 ποιητῇ,

208 1127 262 1189 και
291 1127 407 1196 κάλλος
437 1128 512 1208 ἔχον
543 1127 647 1205 τέρπει
677 1126 731 1189 καὶ
754 1125 822 1208 ἤδει
875 1126 991 1195 κάλλος
1007 1128 1081 1208 ἔχον
1096 1127 1150 1189 και
1162 1127 1254 1208 χάριν
1266 1128 1310 1196 εἰς
1320 1125 1356 1189 τὸ
1368 1128 1492 1208 τέρπειν

208 1217 315 1297 ὥςπερ
339 1215 442 1285 άνδος
464 1213 537 1284 τοὺς
560 1215 727 1296 ἀκροατάς.
876 1216 930 1278 και
953 1215 1078 1297 ἡδύνειν
1094 1215 1201 1296 ὥςπερ
1218 1215 1328 1287 άνύος,
1346 1218 1376 1278 τί
1390 1217 1430 1279 δν
1449 1240 1492 1286 τις

875 1304 929 1367 και
941 1304 1037 1384 ιε’γοι;
1052 1304 1150 1387 μεστὴ
1168 1305 1229 1385 γάρ
1242 1305 1322 1367 ἐστιν
1333 1304 1354 1385 ἡ
1366 1306 1502 1387 ποίησις·

875 1399 930 1475 τῆς
952 1393 1098 1475 τοιαύτης
1120 1399 1324 1474 κατασκευῆς.
1408 1421 1415 1444 0

209 1487 292 1556 Quae
314 1486 409 1543 verba
432 1503 469 1543 ex
492 1485 598 1543 eodem
620 1485 703 1543 fonte
728 1503 796 1543 esse
820 1485 934 1543 hausta
958 1486 1026 1560 quis
1049 1487 1097 1542 est
1114 1485 1187 1561 quin
1202 1485 1381 1559 intellegat?
1414 1486 1491 1543 Pieri

210 1592 332 1651 quoque
356 1576 486 1650 poterat,
511 1577 546 1632 ut
569 1577 677 1632 auctor
691 1573 881 1648 Byzantinus
905 1575 1005 1649 ipsum
1022 1574 1178 1632 Plutarchi
1201 1575 1357 1650 personati
1381 1574 1489 1633 librum

210 1664 374 1731 adhiberet,
391 1662 582 1720 sed-auctore
594 1663 815 1738 Neoplatonico
828 1663 1030 1721 intercedente
1046 1663 1125 1720 hanc
1142 1663 1178 1721 de
1195 1663 1312 1721 dicendi
1329 1664 1489 1736 generibus

210 1753 378 1811 doctrinam
410 1752 448 1809 ad
469 1751 564 1808 ¹illum
596 1752 772 1826 pervenisse
807 1752 886 1809 infra
917 1752 1125 1810 demonstrare
1157 1754 1298 1811 conabor.
1345 1752 1491 1827 Exempla

209 1844 312 1900 autem
336 1859 373 1898 ex
389 1841 519 1899 Homero
540 1843 672 1915 sumpta,
690 1857 770 1915 quae
785 1841 816 1897 in
831 1841 987 1899 Plutarchi
1003 1842 1055 1916 qui
1070 1842 1165 1899 fertur
1180 1841 1281 1900 libello
1306 1841 1423 1916 scripta
1439 1859 1490 1899 ex-

210 1933 304 1998 stant,
318 1933 477 2004 propterea
489 1930 670 1988 omittuntur
682 1931 711 1987 in
729 1930 886 1996 anecdoto,
901 1930 981 2005 quod
995 1930 1032 1987 de
1045 1930 1132 2005 poesi
1144 1930 1284 1988 bucolica
1294 1930 1376 1987 finnt
1387 1932 1489 1988 verba.

209 2020 272 2078 lam
296 2019 334 2076 ad
359 2019 497 2077 Prcclum
520 2021 724 2086 transeamus
741 2019 837 2076 ⁴cuius
862 2018 1029 2077 doctrinam
1054 2021 1084 2076 et
1107 2037 1145 2076 ex
1160 2019 1261 2077 Photii
1276 2019 1387 2087 verbis,
1412 2037 1489 2095 quae

210 2109 326 2184 scripta
349 2111 474 2166 exstant
496 2108 527 2165 in
551 2107 746 2182 bybliotheca
769 2107 786 2168 ι.
811 2125 835 2164 ε,
859 2125 892 2175 a..
920 2112 1010 2165 etex
1034 2109 1087 2176 eis,
1114 2126 1193 2184 quae
1212 2109 1358 2183 praebent
1374 2109 1490 2166 scholia

208 2198 240 2255 in
263 2198 445 2272 Dionysium
468 2197 614 2254 Thracem
630 2197 647 2255 l.
665 2216 689 2255 s.
706 2216 739 2264 s.‚
765 2214 833 2254 esse
856 2197 1074 2254 restituendam
1095 2196 1317 2255 demonstravit
1331 2196 1488 2255 Kaihelius
1535 2203 1536 2208 ’

208 2287 239 2343 in
263 2286 535 2362 prolegomenisp.
564 2286 602 2344 18
626 2304 691 2361 sqq.
738 2286 848 2343 Parum
871 2285 998 2343 feliciter
1019 2286 1069 2343 ille
1094 2304 1131 2343 ea
1154 2287 1341 2360 comprobat,
1363 2287 1487 2361 quaein

210 2375 334 2434 scholiis
359 2376 397 2432 ad
414 2375 541 2449 Dionys.
566 2375 681 2449 scripta
703 2375 840 2449 legimus
875 2375 1021 2458 Quartum
1046 2375 1124 2432 enim
1139 2375 1214 2432 illud
1231 2371 1378 2454 άνδηρόν
1393 2392 1488 2450 genus

210 2465 324 2540 optimo
361 2465 424 2522 iure
461 2464 541 2540 apud
576 2463 718 2521 Photium
757 2464 829 2550 addi
863 2451 1089 2522 demonstratur
1123 2463 1248 2540 reliquis
1283 2463 1359 2521 locis
1396 2481 1489 2539 supra

209 2553 321 2611 allatis.
325 2550 347 2632 ι)
384 2554 444 2610 Sed
468 2553 632 2653 quaeritur·
657 2570 729 2611 num
752 2553 851 2610 Procli
868 2552 1036 2610 doctrinam
1053 2571 1090 2611 ex
1107 2553 1211 2610 eodem
1227 2553 1312 2610 fonte
1328 2570 1487 2610 emanasse

209 2646 302 2718 atque
326 2642 466 2700 anecdoti
489 2642 584 2700 verba
607 2641 648 2700 sit
635 2642 876 2699 tstatuendnm
907 2641 939 2698 ld
963 2643 1043 2717 quod
1069 2641 1258 2717 comprobari
1280 2658 1373 2716 posse
1388 2641 1487 2699 indico

209 2733 293 2790 hisce
324 2731 399 2789 locis
432 2731 627 2805 comparatis.
674 2730 775 2788 Verba
805 2731 883 2788 enim
915 2730 1014 2788 Proch
1045 2731 1127 2806 apud
1150 2730 1292 2788 Photium
1315 2731 1432 2788 tradita
1454 2726 1487 2789 τὸ

208 2818 268 2900 μὲν
295 2815 396 2899 ἁδρὸν
427 2815 719 2898 ἐκπιηκτικώτατόν
753 2817 814 2879 ἐστι
847 2817 900 2878 και
931 2817 1327 2897 κατεσκευασμένον
1356 2817 1487 2898 μάλιστα

209 2927 275 2968 ιιιεο
298 2909 411 2967 iudicio
436 2912 509 2966 sunt
531 2908 688 2966 referenda
712 2908 751 2965 ad
776 2908 851 2965 haec
875 2909 1031 2967 anecdoti:
1056 2907 1074 2967 δ
1097 2905 1150 2968 καὶ
1173 2912 1210 2987 τῇ
1233 2910 1297 2967 τῶν
1313 2905 1420 2986 λόγων
1436 2905 1487 2968 καὶ

207 3002 246 3078 τῇ
268 3001 332 3058 τῶν
355 2995 528 3076 νοημάτων
550 3001 792 3076 κατασκευῇ
814 2994 954 3074 μεγάλας
977 2995 1129 3076 ἐμφάσεις
1152 2995 1222 3075 ἔχει.
1253 2998 1401 3071 Imprimis
1419 3015 1488 3055 con·

208 3087 290 3146 feras
322 3087 412 3145 velim
444 3105 489 3151 ea,
523 3104 602 3161 quae
626 3086 707 3161 apud
731 3086 872 3144 Photium
897 3087 1011 3160 scripta
1035 3088 1158 3144 exstant
1182 3086 1218 3144 de
1242 3084 1341 3164 ι’σχνῷ
1364 3103 1486 3160 genere:

208 3173 244 3236 τό
262 3173 296 3236 δὲ
312 3172 420 3254 ι’σχνδν
435 3172 491 3254 τὴν
506 3171 659 3253 τροπικὴν
673 3171 733 3252 μιν
748 3172 801 3234 και
821 3172 889 3252 φιι
900 3173 1136 3235 οκατάσκευ
1146 3196 1191 3234 ον
1215 3172 1361 3236 σύνδεσιν
1380 3167 1456 3259 (οὐ)
1467 3173 1486 3250 ⁸)

210 3261 433 3344 μεταδιώκειέ)
480 3264 546 3320 Huc
578 3264 704 3331 accedit,
738 3265 818 3339 quod
843 3264 924 3338 apud
948 3263 1143 3321 Plutarchum
1167 3267 1364 3338 personatum
1388 3264 1406 3322 l.
1424 3283 1447 3322 s.
1464 3283 1486 3321 e.

209 3372 233 3412 c.
259 3354 300 3411 73
341 3355 487 3427 scriptum
525 3352 669 3426 legimus:
708 3349 805 3431 μεστὴ
840 3350 900 3430 γάρ
934 3350 1013 3412 ἐστιν
1044 3352 1062 3432 ἡ
1094 3352 1219 3430 ποίησις
1253 3356 1308 3431 τῆς
1345 3351 1487 3431 τοιαύτης

208 3446 413 3521 κατασκευῆς,
448 3442 578 3498 Maxime
602 3444 704 3498 autem
727 3444 835 3499 nostra
857 3442 983 3500 interest
1003 3442 1084 3499 illam
1101 3439 1299 3520 κατασκευήν
1315 3441 1487 3499 adamatam

210 3551 278 3591 esse
302 3551 321 3588 a
345 3531 467 3589 Stoicae
498 3534 600 3588 sectae
632 3531 832 3605 philosophis,
866 3531 895 3624 id
928 3532 1007 3626 quod
1038 3532 1257 3589 δειιιοιιειιιινιι
1281 3530 1435 3588 Strillerus
1459 3532 1487 3587 in

249 3773 250 3778 κ
317 3738 391 3804 1γει
410 3738 595 3792 Plutarchum
614 3737 649 3791 de
667 3745 745 3791 recta
763 3737 872 3791 ratione
891 3738 1064 3792 audiendic.
1084 3738 1145 3808 ep.
1165 3738 1200 3790 42
1220 3740 1258 3791 A:
1285 3737 1378 3792 οὕτως
1387 3733 1433 3789 οὖν
1452 3733 1488 3788 δεῖ

208 3808 257 3898 τδγ
276 3806 426 3877 φιλότεχνον
443 3812 488 3860 καὶ
506 3806 663 3898 καθαρδν’
649 3810 780 3894 ακροατὴν
797 3805 831 3860 τοι
856 3807 915 3874 μὲν
933 3806 1068 3878 ἀνθηρὰ
1087 3812 1141 3859 καὶ
1159 3828 1218 3876 τρν
1226 3806 1309 3878 φεροι
1327 3807 1426 3860 τῶν
1413 3827 1488 3860 ονο

208 3880 324 3949 μάτων
347 3885 464 3932 καὶτῶν
487 3879 650 3966 πραγμάτοιν
672 3877 707 3932 τὰ
725 3877 876 3946 δραματικὰ
894 3883 938 3930 καὶ
957 3877 1118 3950 πανηγυρικὰ
1137 3877 1259 3947 κηφήνων
1277 3879 1391 3949 βοτάνην
1415 3899 1486 3947 σοφι·

209 3971 341 4088 mmuh
355 3948 636 4078 όέοιιιιεινιιοινεόιιαινιιάιτι.
656 4039 678 4076 s.
698 4040 719 4076 ε.
739 4038 765 4092 p
785 4021 838 4075 257
857 4023 922 4075 adn.
944 4025 965 4075 l

318 4097 337 4162 ιι
356 4095 390 4149 cl.
410 4095 634 4148 lmmischiuml,
648 4110 705 4147 εηε
728 4110 754 4163 p.
773 4093 826 4146 257
845 4093 910 4147 adn
931 4093 954 4146 1.

316 4167 335 4234 ἰ
355 4167 385 4219 ln
415 4166 463 4228 eis
493 4182 564 4236 quae
589 4168 730 4230 secuntur,
746 4164 879 4218 Photius
898 4164 970 4218 haec
989 4165 1105 4235 praebet
1124 4166 1224 4218 verba:
1253 4161 1281 4226 ἐξ
1301 4163 1443 4231 ἀνειμένων
1461 4159 1487 4214 δὲ

208 4233 310 4304 μᾶλλον
328 4233 421 4307 συνήρτ
422 4257 491 4302 mar.
520 4237 691 4304 Quibuscum
709 4235 805 4290 verbis
818 4235 989 4289 conferenda
1001 4239 1068 4290 sunt
1081 4252 1122 4300 ea
1138 4252 1210 4321 quae
1223 4236 1309 4290 hahet
1322 4235 1487 4289 llustathrue

210 4309 245 4362 ad
274 4309 438 4394 Dionysium
465 4309 603 4376 Perieget.
618 4323 672 4430 χχ
669 4307 738 4371 317,
749 4307 792 4360 25.
817 4307 1011 4396 Bernhardyt·
1026 4305 1212 4377 Κρημνιιτοιόι
1238 4325 1267 4358 τι
1293 4309 1339 4358 καὶ
1366 4303 1487 4374 alpem

209 4377 283 4447 παρὰ
307 4380 365 4436 τοῖς
391 4379 523 4450 τραγικοῖς
541 4377 624 4444 Ᾱισχύ
656 4378 794 4447 εεὶρηται,
815 4374 871 4429 ἐπεὶ
889 4379 926 4445 μὴ
944 4393 1070 4449 κεχρηται
1086 4379 1197 4446 καθαρᾷ
1214 4381 1259 4428 και
1278 4375 1440 4448 ἀνειμένη
1456 4377 1488 4447 τῇ

209 4449 316 4579 ιε’ξγη08
324 4451 569 4577 cldUsenerum'
562 4468 590 4505 ιιι
618 4448 697 4505 relat
727 4448 807 4504 acad.
826 4450 927 4504 Bavar.
956 4451 1013 4505 ord.
1042 4447 1142 4520 philos
1144 4449 1252 4520 ·philol.
1281 4454 1310 4504 ει
1332 4448 1399 4504 hist.
1421 4431 1486 4502 ieet

212 4542 227 4594 p
336 4541 354 4578 a
374 4540 392 4577 n
