3190 4944
740 238 961 300 ..98-

106 425 108 431 “
209 420 353 478 Fortasse
383 414 585 498 γλαφυρότης
613 419 778 494 respondet
806 419 916 478 florido
944 417 1052 494 generi.
1099 418 1135 478 ci.
1159 418 1331 478 Ciceronem
1364 415 1411 479 or.¹
1431 419 1492 480 96:

210 510 269 586 eest
291 508 369 567 enim
393 508 546 584 quoddam
569 508 660 567 etiam
684 508 801 582 insigne
832 511 863 566 et
884 509 998 566 florens
1030 506 1178 566 orationis
1202 511 1233 566 et
1264 510 1492 585 expolitum

209 595 325 672 genus?
371 597 475 672 Neque
498 614 570 656 vero
593 599 693 655 totum
709 595 876 655 Philodami
898 597 999 655 locum
1022 614 1102 656 nunc
1124 597 1298 656 accuratius
1316 599 1492 657 examinare

208 703 345 762 possum.
382 687 545 744 Praeterea
567 703 629 744 non
652 689 701 744 est
715 678 932 761 neglegendum
955 686 1037 761 apud
1057 686 1266 745 Philodamum
1289 688 1340 761 agi
1363 687 1400 746 de
1424 690 1492 746 arte

208 775 367 843 rhetorica,
392 792 448 834 sex
470 775 556 834 locos
576 791 671 850 supra
692 776 853 844 tractatos,
878 776 991 850 quihus
1015 777 1177 834 occurrunt
1200 779 1347 850 quattuor
1369 775 1491 835 dicendi

209 881 333 936 genera,
368 881 437 922 esse
471 863 644 922 referendos
679 864 717 921 ad
753 865 849 927 artem
880 864 1039 939 poeticam.
1070 897 1115 906 —
1144 864 1321 939 Nuperrime
1356 865 1419 941 egit
1453 865 1492 923 de

209 953 327 1010 dicendi
357 951 518 1027 generibus
548 953 758 1012 Hendrickson
787 953 819 1010 in
841 953 1002 1012 American
1023 952 1153 1012 Journal
1178 953 1211 1012 of
1237 953 1398 1030 Philology
1428 954 1491 1013 vol.

208 1041 289 1099 XXV
313 1039 421 1119 (1904)
444 1060 473 1117 p.
493 1041 554 1100 125
579 1059 644 1117 sqq.
669 1044 700 1099 et
722 1040 782 1100 vol.
797 1041 892 1100 XXVI
915 1040 1024 1120 (1905)
1047 1059 1075 1116 p.
1093 1041 1157 1100 249
1181 1059 1247 1118 sqq.
1293 1042 1397 1102 Priore
1420 1043 1491 1102 loco

208 1133 301 1203 negat
330 1130 381 1189 ille
411 1131 563 1206 tripertita
593 1130 712 1188 dicendi
741 1147 854 1204 genera
884 1149 953 1190 esse
982 1130 1141 1190 referenda
1170 1132 1211 1190 ad
1236 1131 1490 1207 Theophrastum.

209 1219 268 1277 Sed
299 1219 373 1277 dicit
402 1219 421 1278 l.
445 1237 469 1278 s.
493 1237 518 1278 s.
549 1237 577 1294 p.
605 1219 679 1278 146:
714 1219 776 1278 The
807 1219 986 1296 conception
1016 1219 1050 1278 oi
1083 1219 1251 1279 excellence
1282 1221 1315 1278 oi
1345 1219 1426 1296 style
1458 1221 1492 1279 of

207 1307 366 1367 whatever
387 1307 461 1366 kind
484 1327 520 1367 as
537 1326 557 1365 a
573 1325 667 1383 'maan
682 1307 709 1366 is
724 1308 935 1368 fundamental
956 1311 990 1367 to
1006 1309 1179 1368 Aristotle’s
1203 1309 1318 1386 theory'
1335 1310 1396 1368 and
1419 1327 1489 1368 was

209 1397 327 1455 defined
353 1415 434 1456 more
458 1397 633 1473 accurately
661 1396 721 1455 and
749 1396 922 1456 illustratad
945 1399 987 1473 by
1009 1398 1247 1473 Theophrastus.
1291 1397 1396 1457 Altero
1419 1397 1489 1457 loco

209 1486 270 1561 egit
301 1486 337 1544 de
368 1486 486 1543 dicendi
515 1486 723 1544 characterum
754 1486 869 1560 origine
899 1489 992 1562 atque
1020 1487 1180 1546 sententia.
1227 1487 1403 1562 Tripartitio
1435 1487 1490 1545 illa

210 1571 323 1654 (ἁδρός
345 1571 452 1653 ἰσχνός
472 1571 571 1654 μέσος
592 1569 769 1655 χαρακτήρ)
800 1575 1033 1634 Hendricksonii
1062 1575 1215 1635 sententia
1245 1579 1294 1635 est
1322 1576 1408 1634 facta
1439 1594 1489 1634 se-

209 1663 340 1722 cundum
370 1663 431 1739 tria
462 1664 593 1722 oratoris
624 1664 728 1724 officia
762 1662 894 1741 (movere
925 1665 1032 1722 docere
1063 1662 1243 1742 conciliare).
1297 1665 1364 1735 Qua
1394 1666 1425 1722 in
1457 1683 1489 1722 re

209 1751 311 1826 magni
342 1755 390 1810 est
420 1752 564 1810 momenti
593 1753 686 1822 ratio,
720 1770 799 1828 quae
828 1751 987 1811 intercedit
1016 1753 1094 1812 inter
1122 1751 1238 1821 πίστεις
1268 1751 1302 1814 ἓν
1331 1751 1420 1832 αὐτῷ
1442 1755 1490 1832 τῷ

207 1837 368 1920 πράγματι
391 1843 421 1898 et
442 1837 480 1900 τὰ
504 1839 568 1911 ἔξω
590 1843 655 1901 τῶν
677 1836 885 1920 πραγμάτων,
916 1841 993 1901 inter
1023 1845 1119 1901 artem
1150 1843 1338 1904 dialecticam
1366 1845 1397 1901 et
1419 1843 1488 1900 rhe-

208 1929 345 1988 toricam.
397 1930 579 1989 Accuratius
610 1931 646 1989 de
677 1930 760 1989 illius
792 1931 945 1990 sententia
978 1932 1036 1990 hoc
1066 1931 1135 1990 loco
1170 1931 1327 2007 disputare
1358 1949 1488 2007 nequeo.

208 2017 313 2094 Neque
335 2035 408 2078 vero
431 2019 539 2089 haheo,
573 2019 654 2094 quod
678 2023 790 2078 mutem
814 2037 859 2096 ea,
891 2037 970 2096 quae
1001 2037 1096 2096 supra
1119 2021 1155 2079 de
1186 2020 1304 2079 dicendi
1326 2021 1489 2094 generibus

209 2107 248 2166 ad
272 2110 366 2165 artem
397 2108 549 2183 poetieam
573 2109 784 2183 spectantibus
807 2109 929 2184 protuli.
975 2109 1054 2168 Tota
1084 2113 1186 2168 autem
1217 2109 1347 2168 historia
1368 2109 1489 2168 dicendi

211 2196 417 2255 characterum
441 2197 534 2272 digna
557 2200 612 2266 est,
638 2215 717 2274 quaa
741 2199 929 2257 retractetur.
