3190 4944
734 229 958 286 ..32-

204 403 330 468 τελείοο.
377 406 534 466 Kaibelius
562 407 640 465 enim
668 407 700 464 in
722 407 948 481 Prolegomenis
978 403 1050 486 περὶ
1073 403 1252 485 κωμῳδίας
1273 406 1291 464 l.
1309 424 1333 465 s.
1351 423 1374 464 e.
1398 424 1427 481 p.
1446 405 1491 464 54

205 497 274 555 adn.
294 497 308 554 l
331 496 507 554 haecdicit:
533 497 607 564 „Die
631 495 692 554 alte
707 496 854 554 Komddie
870 497 925 553 hat
940 495 1027 553 keine
1051 496 1308 570 abgeschlossene
1324 494 1491 568 Handlung

205 585 236 644 in
266 585 439 643 demselben
463 585 554 644 Sinne
585 586 644 643 wie
676 585 724 643 die
747 585 903 660 Tragbdie.
951 585 1001 642 Sie
1032 586 1113 641 kann
1145 585 1176 641 in
1208 584 1290 642 einer
1319 583 1491 658 beliebigen

204 675 322 732 Anuahl
344 692 406 732 von
430 674 561 749 lustigen
585 675 701 732 Scenen
728 674 909 748 fortgesetzt
931 674 1064 742 werden,
1097 674 1145 731 die
1169 674 1224 731 mit
1246 689 1300 731 zur
1322 673 1490 746 Handlung

205 765 366 839 gerechnet
388 764 511 822 werden
542 763 676 832 miissen,
709 763 750 820 da
772 763 817 820 sie
841 781 898 821 aus
923 763 975 820 der
997 762 1258 838 Haupthaudlung
1281 762 1490 836 hervorgehen

205 853 267 910 und
291 853 338 911 die
361 853 514 911 Personen
539 853 591 909 der
613 852 875 927 Haupthandlung
905 870 945 909 an
968 852 1060 909 ihnen
1083 852 1220 926 beteiligt
1243 851 1319 909 sind.
1365 852 1490 909 Dareus

204 942 310 1000 wiirde
340 942 390 999 fiir
421 942 469 999 die
501 941 648 999 Komddie
683 942 731 998 ein
765 941 1004 1000 willkommenes
1032 941 1203 999 Distinktiv
1233 941 1405 1016 gegenirber
1436 941 1489 997 der

204 1031 353 1105 Tragddie
368 1036 569 1104 gewonnen.“
605 1029 689 1100 Quae
712 1029 759 1087 vir
775 1030 884 1088 doctus
901 1030 982 1098 dicit,
1009 1030 1231 1088 concedendum
1248 1033 1295 1088 est
1311 1030 1350 1086 ad
1366 1030 1488 1088 Aristo-

205 1121 315 1196 phanis
334 1119 457 1178 iabulas
473 1120 589 1193 priores
613 1136 651 1177 ea
667 1120 816 1194 quadrare
832 1119 926 1177 veluti
951 1120 989 1177 ad
1005 1119 1218 1177 Acharnenses
1242 1121 1273 1176 et
1296 1119 1336 1176 ad
1350 1118 1488 1194 Equites,

204 1208 393 1267 Posteriores
425 1211 527 1265 autern
558 1208 640 1266 illius
672 1211 703 1266 et
729 1208 854 1276 mediae,
888 1226 967 1284 quae
991 1211 1127 1276 vocatur,
1161 1208 1335 1266 comoediae
1362 1207 1489 1265 fabulas

205 1316 274 1357 esse
297 1297 503 1356 absolutiores
519 1298 599 1354 inter
622 1315 726 1356 omnes
751 1300 882 1356 constat.
920 1297 1114 1355 Aristotelem
1138 1300 1241 1355 autem
1264 1297 1393 1354 mediam
1410 1314 1490 1371 quo-

205 1405 264 1463 que
288 1386 484 1454 comoediam,
511 1404 601 1462 quam
625 1388 691 1461 ipse
714 1387 852 1445 nominat
874 1386 994 1466 καινήν,
1020 1387 1145 1444 novisse
1162 1386 1362 1461 colligendum
1378 1389 1427 1444 est
1450 1401 1489 1444 ex

205 1475 319 1534 Ethiois
342 1475 457 1532 Nioom.
473 1475 524 1533 lib.
541 1474 589 1533 IV.
614 1493 637 1533 c.
657 1476 697 1533 14
721 1495 749 1550 p.
769 1476 853 1534 1128
871 1476 950 1542 a22,
980 1477 1033 1533 ubi
1062 1475 1177 1551 scripta
1208 1475 1349 1549 legimus:
1378 1471 1440 1534 ίδοι
1457 1470 1486 1544 δ’

205 1562 245 1624 ἄν
267 1585 311 1630 τις
334 1561 388 1624 καὶ
415 1561 451 1623 ἐκ
477 1565 542 1623 τῶν
572 1561 758 1643 κωμῳδιῶν
789 1567 853 1624 τῶν
884 1561 1029 1624 παλαιῶν
1059 1561 1113 1623 καὶ
1142 1566 1272 1624 κοινῶν.
1320 1563 1386 1633 Quo
1417 1563 1489 1620 loco

205 1652 400 1711 Aristotelem
431 1670 504 1727 prae
539 1653 637 1710 media
671 1655 803 1711 veterem
838 1653 1024 1711 comoediam
1056 1653 1279 1728 quodammodo
1313 1653 1489 1727 vituperare

205 1742 326 1799 minime
350 1745 399 1799 est
420 1742 645 1816 neglegendum.
685 1742 786 1816 Pergit
810 1743 888 1799 enim
912 1741 931 1799 l.
948 1760 972 1800 ε.
987 1760 1026 1800 a:
1049 1744 1114 1808 τοῖς
1135 1739 1195 1820 μὲν
1218 1739 1279 1821 γὰρ
1302 1737 1342 1821 ἧν
1365 1737 1489 1819 γελοῖον

205 1829 224 1910 ἡ
249 1827 460 1910 αἰσχρολογία,
483 1834 548 1898 τοῖς
571 1827 606 1890 δὲ
627 1828 748 1909 μᾶλλον
771 1829 790 1910 ἡ
815 1828 958 1891 ὑπόνοια.
1004 1831 1168 1889 Praeterea
1192 1831 1488 1888 commemorandum

206 1923 315 1977 estex
339 1921 455 1978 mediae
479 1921 653 1980 comoediae
676 1920 776 1995 poetis
808 1921 847 1978 ab
878 1920 929 1977 illo
962 1938 1056 1977 unum
1079 1920 1324 1977 Anaxandridem
1347 1915 1487 2000 afferril)

205 2009 271 2066 Huc
304 2010 429 2076 accedit,
464 2010 559 2085 quod¹
575 2009 662 2068 initio
694 2009 769 2066 artis
801 2011 939 2084 poeticae
969 2009 1151 2067 Aristoteles
1182 2009 1248 2084 ipse
1272 2027 1300 2083 p.
1325 2008 1409 2067 1447
1434 2009 1485 2066 a9

205 2098 291 2155 dicit:
314 2100 385 2164 πῶς
410 2095 459 2158 δεῖ
479 2095 682 2158 συνίστασθαι
705 2095 778 2164 τοὺς
800 2096 938 2178 μύθους,
963 2097 992 2158 εἰ
1012 2095 1116 2176 μέλλει
1139 2095 1246 2179 καλῶς
1268 2096 1348 2166 ἕξειν
1371 2095 1390 2176 ἡ
1414 2094 1487 2157 τιοί-

205 2207 282 2266 ησις.
317 2186 381 2244 Ηοο
405 2190 506 2245 autem
529 2187 598 2245 loco
622 2189 816 2262 premendum
840 2190 888 2245 est
910 2187 985 2244 illud
1010 2183 1063 2246 δεῖ.
1099 2187 1206 2262 Itaque
1229 2186 1260 2244 in
1284 2191 1349 2244 arte
1365 2188 1489 2262 poetica
1586 2191 1587 2218 ¹

205 2275 394 2350 praescribit,
419 2293 480 2333 non
504 2277 654 2335 describit.

313 2365 372 2422 Sed
396 2365 453 2423 hoc
477 2365 543 2422 loco
567 2384 605 2423 ea
629 2382 750 2440 quoque
775 2365 997 2424 consideranda
1029 2367 1108 2432 sunt,
1142 2382 1221 2440 quae
1244 2364 1426 2422 Aristoteles
1450 2365 1489 2421 de

206 2453 337 2511 carmine
358 2453 442 2528 epico
459 2454 539 2511 dicit.
579 2454 730 2529 Scriptum
755 2454 833 2511 enim
855 2454 994 2513 videmus
1019 2474 1047 2530 p.
1067 2453 1255 2513 1459a17:
1278 2451 1350 2531 περὶ
1374 2449 1409 2513 δὲ
1431 2455 1491 2531 τῆς
1585 2475 1586 2534 j

206 2540 434 2621 διηγηματικῆς
455 2539 509 2602 καὶ
532 2540 566 2602 έν
588 2541 696 2620 μέτρῳ
718 2547 898 2622 μιμητικῆς,
930 2540 977 2603 ὅτι
1001 2541 1050 2603 δεῖ
1072 2539 1146 2609 τοὺς
1176 2540 1306 2622 μύδσος
1336 2539 1488 2620 καθάπερ

205 2629 239 2691 ἕν
260 2635 326 2697 ταῖς
349 2629 537 2710 τραγῳδίαις
560 2629 743 2691 συνεστάναι
766 2628 982 2710 δραματικοδς
1003 2629 1056 2691 καὶ
1078 2629 1149 2709 περὶ
1171 2631 1247 2710 μίαν
1269 2631 1385 2709 πρᾶξιν
1408 2627 1489 2709 ὅλην

205 2717 258 2780 καὶ
273 2718 398 2790 τελείαν,
415 2719 551 2800 ἔχουσαν
567 2717 670 2799 ἀρχὴν
685 2717 739 2779 καὶ
753 2719 835 2798 μέσα
851 2718 906 2781 καί
920 2718 1015 2787 τέλος.
1052 2721 1144 2778 Curius
1162 2722 1317 2778 doctrinae
1333 2719 1490 2778 simillima

205 2812 278 2868 sunt
300 2810 476 2867 Aristotelis
508 2811 544 2866 de
567 2809 727 2883 tragoedia
749 2813 921 2884 praecepta.
968 2810 1114 2868 Conleras
1138 2810 1228 2868 velim
1252 2810 1270 2866 l.
1287 2828 1311 2866 s
1329 2827 1353 2868 s.
1378 2809 1487 2866 defini-

205 2899 317 2956 tionem
342 2905 372 2955 et
394 2917 422 2973 p.
442 2899 526 2956 1450
542 2900 570 2956 b.
585 2898 626 2955 24
636 2916 714 2974 sqq.:
743 2901 839 2958 κεῖται
863 2896 892 2958 δ’
917 2897 992 2977 ἡμῖν
1014 2896 1070 2978 τὴν
1092 2896 1272 2977 τραγῳδίαν
1295 2895 1410 2963 τελείας
1433 2895 1488 2957 καὶ

206 2985 283 3065 ὅλης
309 2986 460 3065 πράξεως
486 2984 563 3047 εἶναι
593 2985 725 3067 μίμησιν
754 2984 891 3066 ἐχούσης
917 3008 944 3046 τι
966 2985 1105 3066 μέγεδος
1122 3004 1127 3016 ·
1145 2986 1226 3047 ἔστιν
1250 2984 1310 3065 γὰρ
1334 2983 1410 3046 ὅλον
1433 2983 1487 3045 καὶ

204 3073 306 3156 μηδὲν
321 3074 395 3155 ἕχον
410 3074 564 3155 μέγεδος.
581 3073 657 3136 ὅλον
674 3074 709 3136 δέ
729 3074 809 3136 ἐστιν
824 3073 859 3136 τδ
876 3075 950 3155 ἔχον
966 3073 1068 3155 ἀρχὴν
1083 3074 1137 3136 καὶ
1151 3075 1251 3156 μέσον
1266 3073 1320 3136 καὶ
1334 3072 1487 3154 τελευτήν.
1584 3125 1585 3128 ,

206 3166 262 3223 Sed
287 3166 447 3223 redeamus
471 3165 510 3221 ad
535 3183 653 3222 carmen
677 3166 803 3241 epicum.
837 3166 881 3224 Ex
905 3167 972 3223 loco
997 3170 1098 3223 autem
1123 3184 1147 3224 s,
1164 3183 1188 3223 s,
1213 3164 1414 3239 colligendum
1438 3166 1488 3220 est

205 3253 401 3312 Aristotelem
424 3255 581 3321 statuisse,
607 3257 642 3312 ut
666 3272 786 3312 carmen
811 3256 927 3331 epicum
950 3255 1082 3312 haberet.
1098 3255 1213 3333 πρᾶξιν
1234 3251 1359 3313 τελείαν.
1398 3252 1485 3323 Quod

204 3344 397 3418 praecepisse
422 3361 488 3402 eum
505 3343 635 3424 Homeri¹
651 3344 835 3402 carminibus
860 3344 1025 3402 adductum
1048 3344 1253 3416 intellegimus
1269 3361 1307 3400 ex
1323 3344 1388 3400 arte
1405 3344 1487 3416 poet.

204 3432 274 3507 ipsa
297 3450 325 3507 p.
346 3432 429 3489 1459
447 3450 466 3488 a
479 3431 520 3490 30
530 3449 609 3507 sqq.:
634 3428 683 3492 διδ
705 3430 812 3510 ὥςπερ
836 3431 964 3511 εἴπομεν
987 3430 1049 3512 ἤδη
1074 3429 1128 3492 καὶ
1150 3430 1244 3510 ταύτῃ
1261 3429 1431 3497 θεσπέσιος
1447 3430 1489 3489 ἂν

205 3520 317 3600 φανείη
337 3516 484 3600 Ὅμηρος
513 3517 601 3597 παρὰ
632 3517 705 3587 τοὺς
736 3519 859 3588 ἄλλους.
905 3523 951 3579 Ab
979 3522 1101 3579 Homeri
1133 3524 1232 3579 autern
1266 3519 1487 3578 consuetudine

205 3609 386 3685 permultum
417 3610 537 3667 differre
567 3610 700 3685 reliquos
732 3614 848 3685 poetas,
885 3612 937 3685 qui
968 3611 1194 3685 composuerint
1224 3609 1358 3667 carmina
1388 3609 1483 3684 epica,

204 3699 385 3757 Aristoteles
402 3699 467 3773 ipse
484 3699 557 3756 dicit
572 3699 589 3757 l.
607 3718 631 3758 s.
648 3718 672 3756 s
696 3718 723 3775 p.
745 3699 828 3757 1459
852 3700 870 3756 b
887 3700 993 3774 lsqq.:
1018 3697 1049 3758 οῖ
1064 3695 1093 3758 δ’
1110 3696 1197 3758 ἄλλοι
1211 3695 1282 3777 περὶ
1298 3696 1352 3758 ἕνα
1367 3693 1487 3776 χρόνον

205 3785 259 3847 καὶ
280 3786 356 3866 μίαν
378 3788 493 3865 πρᾶξιν
515 3785 690 3867 πολυμερῆ,
715 3786 783 3848 οἷον
806 3785 824 3846 ὁ
847 3784 883 3847 τὰ
904 3785 1033 3864 Κύπρια
1056 3786 1191 3866 ποιήσας
1212 3785 1267 3847 καὶ
1289 3784 1345 3866 τὴν
1367 3783 1488 3865 μικρὰν

200 3873 325 3938 Ἰλιάδα.
371 3877 415 3934 De
439 3875 591 3952 Apollonii
614 3877 723 3934 Rhodii
747 3877 878 3934 carmine
910 3877 1000 3935 simili
1028 3876 1118 3934 modo
1142 3895 1209 3934 esse
1233 3876 1427 3933 iudicandum
1451 3875 1485 3933 R.

205 3965 355 4024 Heinzeus
368 3966 597 4034 demonstravit,
616 3966 668 4041 qui
683 3966 852 4040 nuperrime
867 3965 898 4023 in
915 3984 950 4024 eo
967 3966 1054 4031 libro,
1073 3966 1125 4040 qui
1140 3965 1327 4023 inscribitur:
1345 3965 1486 4039 „Vergils
1582 3965 1583 4048 l

206 4056 329 4130 epische
344 4055 508 4123 Technik“,
533 4056 591 4113 hac
615 4055 651 4112 de
674 4073 705 4112 re
729 4055 799 4129 egit.
838 4055 917 4112 Dicit
941 4055 1019 4112 enim
1043 4073 1071 4130 p.
1087 4055 1165 4113 426:
1192 4097 1227 4121 ‚‚.
1246 4099 1252 4112 .
1268 4097 1275 4111 .
1291 4053 1484 4120 Aristoteles,
1511 4090 1514 4094 -

204 4175 419 4186 ——n———nn

313 4229 331 4295 ¹)
351 4226 432 4294 Quod
450 4226 597 4282 Bonitzius
616 4227 644 4280 in
662 4227 754 4281 indice
769 4227 884 4280 Aristot.
904 4227 1032 4281 nominat
1051 4226 1137 4280 etiam
1149 4226 1332 4280 Menandrum
1351 4228 1381 4280 et
1393 4224 1485 4280 Phile·

205 4315 324 4362 monem,
346 4315 402 4369 qua
421 4298 455 4352 de
475 4315 562 4354 causa
581 4299 635 4352 boc
652 4298 761 4352 fectum
780 4297 827 4360 sit,
847 4298 950 4352 nescio.
981 4298 1053 4352 Nam
1072 4298 1224 4351 Menander
1242 4299 1306 4367 post
1326 4297 1485 4351 Aristotelis

186 4379 324 4436 ‚mortem
343 4369 456 4424 fabulas
476 4369 580 4424 docuit.
617 4370 714 4424 Altero
734 4372 830 4423 autem
847 4368 920 4433 loco,
946 4369 993 4439 qul
1013 4369 1170 4423 Philemoni
1189 4369 1329 4433 tribuitur,
1349 4367 1484 4438 scripturn

205 4441 323 4564 legxirssus
342 4441 426 4527 Polli.
446 4442 470 4495 A
488 4457 515 4510 p.
531 4441 599 4495 1255
619 4440 695 4494 b29:
720 4436 789 4491 κατὰ
806 4441 855 4506 τὴν
878 4441 1027 4511 παροιμίαν
1051 4435 1142 4495 δοῦλος
1165 4437 1219 4511 πρὸ
1238 4435 1336 4501 δοδλον,
1359 4433 1486 4505 δεσπότης

203 4531 257 4583 προ
293 4531 411 4566 &mowil-
