3190 4944
741 279 963 337 ..70-

209 453 368 535 πένθιμον
398 453 600 535 ὑπειλῆφθαι.
632 456 652 535 ἢ
676 445 721 515 δτι
744 452 827 534 πρὸς
850 452 949 516 αὐλὸν
980 453 1097 535 ᾔδοντο
1128 455 1159 516 οῖ
1180 453 1306 535 θρῆνοι,
1336 455 1492 517 τουτέστιν

211 543 242 605 σί
264 542 397 623 ἔλεγοιέγ
444 545 559 616 Quibus
583 545 730 620 exemplis
755 545 857 603 allatis
887 545 1115 604 demonstrasse
1138 545 1210 602 mihi
1233 545 1338 604 videor
1361 545 1493 604 Tzetcae

212 638 242 692 et
272 635 413 693 anecdoti
446 634 562 693 fontem
594 637 658 692 arte
690 634 849 692 cohaerere
881 651 948 692 cum
980 635 1054 708 eis,
1073 651 1151 710 quae
1182 635 1380 693 inveniuntur
1411 634 1494 710 apud

211 723 397 782 scholiastae
420 724 452 780 in
467 723 648 798 Dionysium
663 723 816 792 Thracem,
843 723 924 797 apud
947 723 1096 792 Proclum,
1123 723 1269 792 Orionem,
1294 721 1494 800 Didymum‚⁹)

210 812 241 870 id
265 812 347 887 quod
370 813 401 870 in
426 813 478 881 eis,
505 830 584 887 quae
609 815 762 881 secuntur,
788 813 962 870 accuratius
987 813 1197 887 explicabitur.

317 901 394 958 Nam
419 903 529 958 summi
553 904 626 960 sunt
648 902 801 967 momenti,
827 919 906 976 quae
930 901 967 958 de
991 902 1334 977 epigrammatographis
1358 905 1389 960 et
1413 903 1496 976 apud

211 990 353 1048 Taetzam
383 993 414 1048 et
447 991 479 1047 in
510 991 659 1049 anecdoto
694 990 894 1065 proferuntur.
948 990 1014 1048 Hoc
1044 991 1170 1065 praehet
1204 991 1389 1065 epigramma
1420 991 1497 1048 illud

211 1079 413 1137 clarissimum
444 1077 488 1146 εἰς
514 1075 569 1139 τὸν
591 1075 703 1139 Μίδου
730 1077 833 1158 τάφον
864 1079 1080 1154 compositum,
1114 1080 1197 1154 quod
1227 1081 1342 1154 primus
1373 1080 1497 1138 exhibet

210 1169 299 1226 Plato
322 1169 354 1225 in
376 1168 516 1225 Phaedro
535 1168 598 1226 264
614 1169 648 1226 Ι).
686 1169 775 1243 Apud
791 1169 932 1226 'laetzam
956 1172 1059 1226 autem
1083 1169 1170 1227 deest
1193 1169 1386 1244 epigramma,
1414 1169 1497 1244 quod

211 1259 243 1315 in
274 1257 425 1314 communi
454 1257 540 1315 fonte
572 1258 729 1315 exstitisse
760 1258 870 1318 iudico.
917 1258 1000 1328 Quae
1031 1275 1099 1315 cum
1130 1258 1175 1315 ita
1205 1258 1276 1326 sint,
1310 1262 1421 1316 auctor
1446 1258 1497 1316 ille

211 1348 358 1413 incertus,
392 1363 481 1422 quem
506 1345 631 1404 Taetzes
656 1349 685 1404 et
716 1347 857 1405 anecdoti
885 1347 1065 1421 compilator
1096 1346 1336 1421 exscripserunt,
1374 1347 1497 1405 videtur

212 1436 357 1494 hausisse
381 1452 418 1492 ex
439 1434 533 1503 fonte,
560 1435 647 1492 cuius
672 1439 780 1494 auctor
794 1435 954 1493 Platonem
978 1431 1198 1511 sequanorum)
1237 1436 1320 1506 Quae
1343 1437 1498 1494 sententia

213 1524 282 1583 aliis
307 1523 493 1597 argumentis
518 1525 690 1583 confirmari
712 1527 824 1599 potest.
870 1525 948 1582 Nam
971 1525 1002 1581 in
1030 1543 1067 1583 ea
1090 1524 1232 1582 anecdoti
1255 1528 1351 1600 parte,
1383 1526 1438 1583 uhi
1462 1525 1497 1583 de

213 1613 404 1689 dithyrambo
429 1613 538 1685 agitur,
563 1613 652 1671 Plato
676 1613 743 1688 ipse
767 1616 1027 1672 commemoratur.
1074 1613 1226 1688 Scriptum
1250 1614 1329 1671 enim
1352 1614 1495 1686 legimus:

212 1699 249 1761 τὰ
273 1701 332 1780 ἔπη
359 1698 393 1762 δὲ
416 1699 522 1761 αὐτῶν
547 1699 743 1781 διθύραμβοι
774 1699 955 1772 ἐκαλοῦντο,
980 1700 1027 1769 ὡς
1047 1697 1222 1762 ὄΠλάτων
1246 1700 1280 1762 ἐν
1295 1705 1342 1781 τῷ
1362 1699 1497 1781 Φαίδρῳ

214 1791 286 1868 (241
313 1789 361 1866 Bt:
393 1787 472 1869 δρᾷς
495 1787 541 1850 ὅτι
564 1789 629 1870 ἔπη,
657 1788 841 1870 φθέγγομαι
868 1788 923 1850 καί
946 1789 1050 1851 οὐκέτι
1079 1788 1310 1870 διθυράμβους.
1357 1791 1497 1849 Platonis

90 1877 94 1888 '
214 1887 316 1937 autem
339 1879 437 1954 ipsius
460 1881 554 1938 verba
579 1880 656 1938 haec
679 1883 767 1938 sunt:
798 1878 859 1942 οὐκ
886 1878 1002 1960 ᾔσθου,
1034 1875 1063 1940 ὦ
1090 1878 1237 1959 μακάριε,
1269 1877 1316 1940 ὅτι
1343 1877 1406 1959 ἤδη
1437 1879 1495 1958 ἔπη

214 1966 406 2047 φθέγγομαι,
430 1966 496 2028 ἀλλ’
513 1966 616 2029 οὐκέτι
633 1966 864 2049 διθυράμβους,
887 1967 942 2029 καί
964 1973 1059 2028 ταῦτα
1075 1967 1196 2048 ψέγων.
1235 1969 1318 2027 Haec
1335 1972 1383 2026 est
1398 1969 1497 2027 Procli

213 2057 425 2130 Neoplatonici
456 2059 534 2116 ratio
559 2059 697 2132 magistri
720 2060 814 2117 verba
838 2059 993 2118 afferendi.
1039 2058 1092 2116 llle
1117 2059 1195 2115 enim
1225 2058 1257 2114 in
1281 2059 1496 2116 commentario

214 2149 245 2204 in
279 2146 417 2204 Platonis
451 2165 513 2229 rem
544 2147 697 2222 publicam
733 2148 905 2222 conscripto
940 2148 961 2206 l.
992 2165 1020 2221 p.
1046 2147 1074 2216 6,
1097 2147 1148 2206 26.
1176 2147 1269 2205 Kroll.
1300 2147 1377 2205 haec
1409 2147 1495 2204 dicit:

214 2233 364 2314 καθάπερ
379 2232 475 2302 αὐτὸς
498 2233 532 2296 ἐν
554 2239 600 2315 τῷ
619 2233 753 2315 Φαίδρῳ
776 2235 872 2315 φησίν
897 2236 935 2314 (p.
953 2236 1017 2294 264
1027 2235 1059 2313 ⁰),
1085 2233 1132 2303 ὡς
1155 2234 1199 2302 ει’ς
1214 2231 1285 2303 ἑνδς
1301 2233 1390 2314 ζῴου
1414 2234 1495 2314 μέρη

213 2321 315 2384 τεκαὶ
329 2322 409 2404 μέλη
426 2324 653 2403 συντεταγμένα
669 2322 752 2405 πρὸς
767 2323 885 2404 ἄλληλα
901 2323 1048 2386 σύστασιν
1066 2321 1123 2403 τὴν
1138 2323 1355 2404 πραγματείαν
1371 2322 1496 2385 ἅπασαν

214 2412 449 2494 ἠκριβωμένην.
487 2414 577 2490 Apud
597 2415 758 2473 Platonem
782 2415 800 2475 l.
818 2433 841 2472 s.
858 2434 883 2473 s.
906 2415 982 2473 haec
1007 2415 1122 2490 scripta
1145 2414 1289 2488 legimus:
1308 2410 1403 2473 Ἀλλὰ
1425 2410 1496 2473 τάδε

215 2524 250 2582 γε
272 2498 362 2582 οἶμαί
382 2523 417 2563 σε
440 2501 538 2582 φάναι
562 2501 610 2573 ἄν,
636 2500 699 2564 δεῖν
723 2501 826 2563 πάντα
849 2501 944 2582 λόγον
960 2501 1066 2582 ὥςπερ
1091 2502 1178 2582 ζῷον
1195 2500 1379 2563 συνεστάναι
1403 2497 1495 2581 σῶμά

214 2613 241 2651 τι
264 2591 376 2670 ἔχοντα
399 2589 495 2652 αὐτὸν
518 2591 626 2662 αὑτοῦ,
658 2590 736 2659 ὥςτε
765 2591 844 2671 μήτε
868 2589 1031 2671 ἀκέφαλον
1062 2588 1139 2653 εἶναι
1170 2590 1250 2671 μήτε
1273 2589 1388 2661 ἄπουν,
1420 2587 1495 2650 ἀλλὰ

215 2679 296 2760 μέσα
318 2702 352 2742 τε
375 2679 455 2759 ἔχειν
478 2678 532 2740 καὶ
555 2679 649 2760 ἄκρα,
679 2680 840 2760 πρέποντα
864 2678 1009 2760 ἀλλήλοις
1039 2678 1163 2759 καὶτῷ
1195 2678 1262 2759 ὅλῳ
1285 2679 1495 2759 γεγραμμένα.

215 2771 321 2845 ltaque
352 2770 555 2842 intellegimus
585 2770 727 2828 Proclum
757 2771 826 2845 ipsa
856 2770 995 2828 Platonis
1027 2772 1122 2829 verba
1154 2770 1251 2828 solere
1283 2770 1408 2827 arbitrio
1441 2786 1496 2827 suo

217 2862 410 2917 commutare.
457 2859 517 2917 Sed
548 2860 666 2918 accedit
697 2859 780 2916 aliud
812 2862 1030 2933 argumentum.
1076 2860 1165 2934 Apud
1189 2859 1330 2916 Tzetzam
1361 2859 1441 2916 enim
1468 2859 1497 2914 in

216 2948 437 3024 prolegomenis
473 2948 512 3005 ad
545 2948 773 3024 Lycophronem
812 2949 990 3023 compositis
1025 2949 1056 3005 in
1095 2948 1497 3023 epigrammatographorum

217 3053 342 3094 numero
374 3040 603 3095 enumerantur:
633 3033 819 3116 Σιμωνίδης
850 3033 868 3096 ὁ
896 3034 1038 3106 παλαιός,
1070 3031 1109 3096 οὗ
1130 3032 1306 3115 Ἡρόδοτος
1332 3035 1496 3117 μέμνηται,

216 3122 362 3191 Ἀλκαῖος
392 3123 411 3185 ὁ
438 3124 517 3196 νέος,
549 3124 586 3192 ὃς
618 3121 657 3204 ἦν
688 3123 739 3184 ἐπὶ
770 3121 1010 3186 Οὐεσπασιανοῦ
1041 3129 1097 3185 τοῦ
1122 3121 1282 3204 Ῥωμαίου
1312 3122 1366 3184 καί
1399 3121 1495 3194 Τίτου,

213 3211 394 3294 Ἀθήναιος,
411 3209 572 3293 Πρόκλος,
588 3209 771 3285 Παλλαδάς,
783 3211 936 3292 Ἀγαθίας
952 3211 1006 3274 καὶ
1022 3213 1120 3293 ἕτεροι
1135 3211 1252 3293 μύριοι.
1291 3213 1334 3271 Ι)ε
1349 3214 1496 3272 Athenaei

218 3304 285 3362 vita
307 3307 338 3360 et
360 3306 462 3361 aetate
485 3304 561 3360 nihil
584 3305 657 3360 certi
681 3304 804 3361 scimus
843 3303 880 3361 cf.
898 3304 1168 3361 Reitzensteinium
1192 3301 1272 3377 apud
1288 3302 1496 3377 Pauly-Wiss.

218 3392 254 3460 H,
282 3393 367 3450 2024
391 3392 441 3449 Nr.
462 3392 510 3451 16.
548 3392 688 3450 Proclum
705 3394 807 3450 autem
823 3392 907 3450 illum
925 3392 1179 3468 Neoplatonicum
1203 3410 1272 3450 esse
1288 3409 1356 3449 mea
1379 3391 1497 3466 quidem

219 3482 371 3540 sententia
394 3498 461 3538 cum
477 3481 621 3539 Muellero
646 3481 665 3538 l.
686 3498 710 3539 s.
733 3500 756 3539 s,
782 3500 810 3557 p.
827 3481 891 3540 258
916 3481 984 3539 adn.
1002 3482 1053 3540 82.
1078 3485 1127 3539 est
1150 3476 1383 3555 statuendum.⁴l
1425 3481 1497 3538 llum

220 3571 298 3628 enim
323 3571 436 3627 scimus
460 3570 589 3645 hymnos
614 3571 833 3644 composuisse.
873 3570 932 3628 Sed
955 3571 1037 3645 apud
1054 3571 1196 3628 Tretzam
1219 3587 1267 3628 res
1289 3569 1334 3626 ita
1356 3571 1406 3627 est
1430 3586 1498 3628 con-

218 3661 353 3726 turbata,
385 3661 421 3716 ut
442 3659 568 3718 Proclus
599 3660 847 3734 hymnographus
878 3660 910 3716 iu
941 3659 1344 3734 epigrammatographorum
1375 3675 1497 3716 numero

220 3749 262 3807 sit
284 3749 416 3822 positus,
442 3749 619 3822 praesertim
644 3766 711 3806 cum
735 3751 807 3824 post
823 3748 1178 3822 epigrammatographos
1202 3749 1239 3805 de
1262 3748 1497 3822 hymnographis

220 3855 288 3895 esse
313 3840 414 3895 actum
438 3837 585 3895 videatur.
633 3837 692 3895 Sed
716 3839 743 3894 si
775 3837 958 3913 quaerimus,
992 3836 1114 3911 quando
1138 3837 1267 3894 Tzetzae
1299 3838 1329 3894 et
1360 3835 1498 3894 anecdoti

219 3926 289 3983 fons
314 3927 481 3984 communis
513 3927 554 3984 sit
578 3927 776 4001 compositus,
810 3926 898 3984 nobis
923 3925 1157 3999 confugiendum
1186 3928 1233 3982 est
1264 3924 1303 3982 ad
1325 3925 1496 3999 Agathiam,

329 4135 347 4201 ¹)
367 4133 403 4188 cf.
422 4133 467 4187 ut.
481 4133 551 4189 Gud.
571 4150 592 4188 s.
605 4151 632 4187 v.
651 4130 738 4202 ἕλεγοι
755 4149 782 4203 p.
798 4133 857 4198 180,
868 4133 893 4187 ὅ.
909 4133 1015 4198 1215..
1035 4150 1057 4188 s.
1071 4149 1097 4186 v.
1117 4130 1215 4202 ἐλεγεῖα
1228 4132 1292 4187 ibid.
1307 4132 1358 4197 18.,
1379 4131 1499 4186 Zonaras

220 4205 364 4274 personati
382 4205 493 4259 lexicon
512 4222 534 4259 s.
553 4221 579 4259 v.
599 4201 684 4274 ἔλεγες
702 4204 761 4259 682.

328 4276 347 4343 lt
367 4275 403 4330 cf.
423 4276 583 4330 Kaibelium
601 4277 618 4330 l.
639 4293 660 4329 s
680 4292 701 4331 s.
721 4291 747 4345 p.
761 4275 804 4330 32.
1475 4342 1480 4354 .

299 4418 305 4429 ὁ
329 4347 404 4429 llos.
424 4365 466 4414 ee,
492 4364 565 4419 quae
584 4348 619 4402 do
637 4347 797 4429 Philoponc
823 4346 955 4401 disseruit
974 4345 1151 4401 Immischius
1169 4345 1198 4399 in
1222 4344 1323 4400 studiis
1341 4345 1457 4400 Graecis
1473 4358 1498 4397 m

221 4417 255 4472 H.
274 4417 810 4572 LrpppSpgpflrffidzopfflpshpffi
826 4434 857 4543 ild
874 4418 998 4544 'lllcletzae
1015 4492 1140 4543 tractatu
1158 4488 1206 4542 lla
1225 4505 1252 4560 p.
1265 4487 1319 4544 110
1335 4487 1370 4542 K.
1390 4486 1498 4542 demon·

222 4565 325 4616 stravrt
342 4562 487 4617 Kaibelrus
506 4562 523 4617 l.
543 4579 565 4617 s,
584 4578 607 4617 s.
626 4578 652 4632 p.
665 4560 708 4618 27.

1567 4743 1571 4918 l
