3190 4944
613 1162 618 1174 .
739 1092 900 1205 Vita.

289 1295 406 1354 Paulus
422 1295 552 1353 Ioannes
569 1293 687 1370 Kayser
702 1294 866 1352 Hermanni
881 1293 1025 1369 Leopoldi
1042 1293 1129 1352 'iilius
1153 1297 1248 1352 matre
1271 1294 1326 1352 Ida
1341 1312 1357 1353 e
1374 1297 1467 1370 gente

63 1381 66 1387 ’
183 1386 329 1444 Sohuster
351 1386 444 1444 natus
468 1401 535 1442 sum
558 1383 692 1442 Dresdae
716 1402 743 1442 a.
760 1383 787 1442 d.
802 1370 885 1442 XIX.¹
895 1383 961 1441 Kal.
978 1383 1062 1441 Febr.
1079 1383 1151 1442 anni
1170 1383 1466 1453 MDGGOLXXXIII.;

182 1475 254 1533 fidei
278 1473 418 1532 addictus
443 1490 511 1530 sum
534 1472 656 1530 hutheri
680 1472 881 1546 evangelicae.
928 1472 1108 1530 Litterarum
1139 1472 1295 1531 elementis
1325 1473 1466 1531 imbutus

183 1581 264 1622 anno
287 1561 592 1621 MDOCGLXXXXHI.
616 1561 648 1618 in
675 1561 866 1636 gymnasium
894 1561 1009 1636 regium
1033 1558 1213 1631 Dresdense,
1248 1561 1384 1620 scholam
1416 1561 1466 1618 in-

183 1652 409 1719 lustrissimum,
438 1652 578 1724 receptus
602 1667 679 1708 sum.
725 1650 825 1725 Atque
856 1649 906 1724 pio
935 1653 1083 1725 gratoque
1114 1650 1215 1709 animo
1247 1652 1277 1708 et
1299 1650 1467 1708 Martinum

184 1740 394 1800 Wohlrabium
419 1739 542 1797 scholae
567 1739 657 1796 etiam
681 1756 761 1796 nuno
781 1733 927 1797 rectorem
950 1741 981 1796 et
996 1741 1111 1798 ceteros
1128 1739 1225 1798 colam
1242 1741 1466 1814 praeceptores.

183 1829 332 1905 Imprimis
356 1831 463 1906 autem,
483 1845 601 1908 semper
622 1830 711 1902 grata
733 1830 842 1906 tenebo
873 1828 1018 1902 memoria
1039 1829 1074 1896 R.
1090 1827 1236 1900 Kadeum
1260 1827 1321 1902 ¹qui
1344 1827 1466 1893 sincero
1550 1856 1553 1861 ·

184 1936 314 1993 vereque
345 1919 472 1993 paterno
504 1916 605 1975 auimo
636 1917 708 1974 mihi
741 1917 913 1991 studiisque
947 1917 1022 1975 meis
1053 1917 1339 1976 benevolentissime
1368 1915 1468 1974 favet.

184 2005 375 2066 Maturitatis'
388 2005 564 2065 testimonio
580 2005 749 2064 instructus
765 2022 836 2063 vere
852 2006 924 2062 anni
939 2003 1059 2064 MCMII.
1075 2001 1154 2063 hanc
1168 2003 1337 2086 litterarum
1361 2005 1469 2063 sedem

185 2097 247 2154 adii
271 2096 382 2154 studiis
406 2097 437 2153 et
452 2095 615 2170 philologis
639 2097 670 2152 et
684 2095 839 2153 historicis
860 2111 986 2169 ‘operam
1002 2097 1181 2153 navaturus.
1219 2095 1395 2152 Docuerunt
1418 2111 1469 2152 me

184 2185 241 2244 viri
264 2184 472 2243 inlustrissimi
495 2184 668 2258 Brugrnann
691 2183 845 2241 Buohholz
869 2183 1006 2241 Buecher
1027 2171 1139 2242 Heinze
1155 2183 1309 2241 Hoimann
1323 2181 1468 2240 Immisch

183 2274 363 2348 Lamprecht
385 2273 507 2348 Lipsius
523 2272 610 2330 Marx
626 2272 757 2347 Seeliger
772 2272 959 2330 Studniczka
970 2271 1173 2354 Wachsmuth
1184 2271 1308 2333 Wundt.
1347 2270 1470 2330 Eximia

184 2361 347 2421 Immischii
372 2365 418 2420 et
445 2361 578 2419 Martinii
612 2361 825 2420 benevolentia
858 2361 891 2418 in
928 2351 1205 2435 proseminarium,‘
1228 2359 1322 2434 hipsii
1355 2359 1470 2418 Marxii

185 2451 410 2510 Wachsmuthii
426 2451 612 2525 benignitate
627 2451 658 2508 in
674 2450 868 2509 seminarium
884 2449 1106 2525 philologorum
1123 2467 1191 2508 sum
1206 2450 1347 2523 receptus
1372 2451 1469 2524 atque

185 2541 295 2616 prioris
327 2539 595 2598 exercitationibus
619 2557 672 2614 per
695 2539 765 2607 duo,
798 2538 925 2597 alterius
948 2556 1002 2614 per
1031 2539 1091 2596 tria
1122 2538 1302 2596 semenstria
1331 2537 1468 2596 interfui.

186 2620 344 2688 Seminarii
367 2629 505 2687 historici
529 2627 688 2686 sodalibus
711 2628 839 2702 benigne
862 2645 909 2686 me
925 2627 1115 2686 Koetzschke
1130 2627 1309 2702 Lamprecht
1332 2625 1470 2700 Seeliger

186 2718 389 2777 Wachsmuth
412 2717 648 2792 adscripserunt.
693 2716 828 2791 Denique
851 2716 1121 2774 exercitationibus
1145 2716 1277 2774 metricis
1300 2714 1469 2790 philologis

185 2807 339 2866 historicis
356 2805 565 2880 archaeologis
579 2822 657 2880 quas
673 2805 871 2864 instituerunt
882 2805 967 2862 Marx
979 2805 1101 2863 Martini
1112 2795 1266 2863 Buchhosz
1279 2803 1471 2862 Studniozka

185 2896 316 2955 interfui.

128 3057 130 3062 ,
293 2984 409 3054 Quibus
438 2983 685 3058 praeceptoribus
720 2982 860 3040 omnibus
896 2982 1012 3056 gratias
1042 2983 1142 3041 habeo
1173 2999 1264 3058 quam
1299 2981 1470 3051 maximas3

187 3073 348 3149 praecipue
373 3090 441 3130 oum
464 3071 599 3147 Lipsium
630 3074 661 3129 et
682 3071 948 3129 Wachsmuthium
979 3073 1011 3129 et
1032 3071 1205 3130 Martinium
1228 3074 1293 3128 tum
1315 3069 1471 3128 Marxium

188 3166 218 3220 et
240 3161 452 3230 Immischium,
485 3160 537 3236 qui
561 3177 679 3235 semper
706 3160 875 3218 studiorum
906 3178 1040 3218 meorum
1062 3161 1186 3218 fuerunt
1207 3160 1345 3218 fautores
1369 3160 1472 3216 bene-

187 3251 400 3318 volentissimi,
425 3251 513 3324 grato
537 3248 637 3307 animo
662 3248 758 3308 colere
782 3267 842 3307 non
866 3250 1012 3308 desinam.

293 3339 430 3414 Denique
454 3337 618 3396 amicorum
648 3337 680 3395 in
702 3338 924 3413 philologorum
946 3339 1050 3396 thiaso
1074 3337 1224 3412 Lipsiensi
1253 3335 1474 3395 consuetudini

188 3430 285 3487 multa
308 3447 355 3486 me
379 3428 486 3486 debere
509 3425 610 3484 laetus
633 3427 785 3500 profiteor.
