3190 4944
638 233 861 301 ÷67-

111 412 192 487 apud
216 411 357 470 Tzetzam
382 410 466 468 etin
489 410 639 469 anecdoto
662 409 783 468 Estensi
804 413 951 468 vocentur
966 407 998 470 ολ
1011 407 1076 470 καί
1095 406 1210 489 ἐξοχὴν
1225 407 1390 489 λεγόμενοι

109 498 242 580 ποιηταί,
266 499 318 557 illo
342 497 488 560 ἐποποιοί
505 499 557 558 alii
573 503 683 574 poetae
700 499 865 574 significari
879 501 1031 573 poterant,
1048 498 1079 555 id
1096 499 1178 574 quod
1193 499 1224 557 in
1240 499 1389 558 anecdoto

110 591 166 647 sub
190 589 283 647 finem
306 588 420 664 primae
443 589 539 663 partis
563 589 678 646 lactum
703 606 770 646 esse
791 589 1011 662 cognoscimus.
1046 587 1102 647 Ubi
1119 591 1390 647 commemorantur

110 674 256 739 ἐποποιολ
279 676 310 738 οἱ
331 674 431 756 χωρὶς
453 673 638 757 πλάσματος
660 675 694 737 ἐν
717 675 852 756 ἡρωικῷ
876 675 896 756 ἢ
919 674 973 736 καί
996 674 1120 755 ἐλεγείῳ
1135 676 1244 756 μέτρῳ
1260 675 1389 756 διηγού-

108 765 203 846 μενοί
234 786 300 827 τινα
336 763 479 846 διήγησιν
510 766 529 845 ἢ
561 763 615 826 καὶ
649 763 767 845 ἠθικὰς
802 763 996 832 συντιθέντες
1027 763 1166 845 γνώμας.
1221 766 1390 841 Vestigium

109 859 212 915 autem
236 856 328 914 huius
352 855 507 914 doctrinae
530 855 701 914 invenimus
726 856 807 929 apud
824 854 966 913 Tzetzam
986 872 1107 930 quoque
1122 856 1153 913 in
1168 855 1390 929 prolegomenis

110 946 149 1002 ad
172 945 408 1020 Lycophronem.
434 945 487 1003 ubi
509 962 539 1019 p.
556 945 620 1004 250
636 944 674 1004 M.
698 945 773 1002 haec
797 945 912 1018 scripte
934 944 1077 1019 legimus:
1106 939 1153 1005 ῶν
1177 942 1251 1020 (scil.
1276 963 1389 1022 γνωρι-

109 1031 251 1112 σμάτων)
274 1031 375 1112 χωρὶς
391 1030 536 1093 ἐποποιοὶ
558 1030 707 1111 λέγονται.
742 1033 858 1103 Quibus
886 1033 1035 1112 expositis
1058 1050 1203 1108 apparere
1226 1033 1327 1090 iudico
1351 1034 1390 1091 ab

109 1141 170 1181 uno
203 1125 327 1181 auctore
359 1125 468 1197 poetas
502 1123 605 1197 epicos
638 1140 706 1180 esse
738 1124 867 1180 vocatos
897 1117 972 1189 τοὺς
1001 1121 1070 1181 κατ’
1103 1118 1218 1201 ἐξοχὴν
1249 1118 1390 1200 ποιητάς,

109 1215 219 1286 poetas
246 1212 403 1286 gnomicos
435 1209 614 1278 ἐποποιούς.
661 1211 726 1280 Quo
759 1210 791 1268 in
820 1227 945 1270 numero
970 1211 1121 1285 Theognis
1153 1215 1183 1269 et
1209 1211 1390 1286 Phocylides

110 1303 391 1359 commemorantur.
437 1300 570 1358 Eandem
600 1300 662 1358 fere
690 1299 872 1358 sententiam
895 1300 1066 1358 invenimus
1090 1300 1172 1375 apud
1195 1299 1391 1358 Plutarchum

110 1390 146 1448 de
178 1390 340 1448 audiendis
363 1389 462 1463 poetis
490 1389 528 1447 16
554 1389 598 1447 S:
629 1385 666 1448 τά
692 1385 720 1448 δ’
746 1384 1000 1467 Ἐμπεδοκλέους
1023 1387 1082 1468 ἔπη
1107 1385 1161 1448 καὶ
1183 1385 1390 1467 Παρμενίδου

110 1475 163 1538 καί
178 1474 321 1557 θηριακὰ
334 1474 522 1556 Νικάνδρου
538 1476 592 1537 καὶ
608 1474 824 1556 γνωμολογίαι
844 1473 1015 1555 Θεόγνιδος
1029 1475 1118 1556 λόγοι
1134 1475 1191 1538 εἰσί
1208 1475 1393 1556 κιχράμενοι

109 1564 198 1646 παρὰ
222 1571 386 1646 ποιητικῆς
408 1565 516 1644 ὥςπερ
540 1565 649 1646 ὄχημα
679 1562 716 1626 τὸ
738 1565 856 1645 μέτρον
879 1563 1010 1627 καὶτὸν
1034 1564 1141 1645 ὄγκον,
1165 1565 1213 1627 ἵνα
1236 1563 1272 1627 τὸ
1295 1562 1391 1636 πεζόν

111 1653 319 1736 διαφύγωσιν.
361 1656 457 1714 Simili
481 1660 584 1714 autem
607 1656 697 1715 modo
721 1656 849 1713 iudicari
872 1656 903 1713 in
928 1656 1052 1714 scholiis
1076 1656 1114 1714 ad
1138 1656 1263 1730 Dionys.
1287 1656 1391 1713 Thrac.

111 1745 335 1803 demonstravit
357 1744 515 1803 Kaibelius
539 1745 557 1802 l.
582 1763 606 1802 s,
631 1763 654 1803 ε.
679 1764 707 1820 p.
732 1745 774 1804 20
798 1745 867 1802 adn.
894 1745 935 1802 l.¹

217 1835 292 1892 Item
314 1852 363 1892 res
388 1834 583 1894 confunditur
605 1834 637 1890 in
661 1835 714 1902 eis,
740 1851 820 1908 quae
842 1834 874 1891 in
891 1834 1039 1892 anecdoto
1056 1837 1209 1892 secuntur.
1243 1834 1392 1908 Scriptum

112 1924 190 1981 enim
221 1923 366 1997 legimus:
399 1919 444 1982 ὅτι
473 1924 538 1983 τῶν
569 1918 710 2001 λυρικῶν
741 1920 944 2001 γνωρίσματα
974 1920 1232 1990 τάδε·ποικίλοις
1253 1916 1393 2002 χρῆσθαι

110 2011 246 2091 μέτροις,
278 2008 360 2090 πρὸς
390 2008 489 2090 λύραν
521 2008 656 2090 ᾄδεσθαι
685 2007 722 2070 τά
753 2009 877 2070 τούτων
909 2006 1070 2090 μέλη.ὧν
1092 2009 1111 2072 ά
1134 2008 1233 2090 χορὸς
1260 2010 1391 2091 συνέστη

111 2098 171 2180 μὲν
201 2099 237 2161 ἐκ
264 2099 459 2180 πεντήκοντα
491 2097 621 2178 ἀνδρῶν
651 2096 812 2166 κυκλικῶς
843 2098 999 2169 ἑστώτων,
1030 2096 1177 2179 ᾀδόντων
1205 2098 1243 2160 τά
1271 2098 1393 2160 τούτων

110 2188 273 2270 ποιήματα
289 2236 295 2249 .
311 2192 406 2249 ταῦτα
439 2186 474 2249 δὲ
506 2185 587 2268 ἦσαν
614 2187 736 2249 ἔπαινοι
758 2192 822 2248 τῶν
845 2187 1044 2268 νικησάντων
1075 2187 1198 2256 ἐντοῖς
1229 2187 1393 2268 ἐπισήμοις

112 2278 234 2357 ἑορταῖς
264 2276 318 2338 καί
347 2277 428 2357 βοῦν
452 2274 487 2338 δέ
511 2275 690 2357 ἐλάμβανον
714 2273 824 2338 ἆθλον.
849 2275 926 2338 ὅθεν
948 2299 993 2345 τις
1015 2276 1225 2338 ἐπισκώπτων
1248 2275 1394 2358 κωμικὸς

111 2364 338 2447 ταυροφάγους
370 2362 485 2433 αὐτοὺς
517 2365 612 2429 καλεῖ.
637 2399 680 2409 -
704 2364 750 2426 ὅτι
781 2365 813 2426 οί
836 2364 1064 2446 διδυραμβικοὶ
1087 2365 1118 2426 οῖ
1140 2365 1231 2428 αὐτοί
1251 2366 1307 2427 εἰσι
1329 2371 1393 2434 τοῖς

111 2455 259 2536 λυρικοῖς.
307 2457 403 2526 Quam
426 2458 609 2515 sententiam
636 2457 672 2514 de
696 2456 796 2531 poetis
819 2456 922 2531 lyricis
946 2456 1096 2531 prolatam
1120 2458 1309 2531 comprobari
1332 2474 1393 2515 non

113 2563 205 2622 posse
230 2548 366 2620 apparet.
412 2546 524 2603 Eadem
547 2546 609 2603 fere
633 2546 760 2620 praebet
782 2539 911 2604 Tzetzes
935 2545 971 2602 in'
989 2545 1208 2620 prolegomenis
1233 2547 1273 2603 ad
1295 2546 1392 2622 Lyco-

114 2636 258 2710 phronem
281 2652 309 2709 p.
334 2635 396 2693 251
417 2653 461 2709 sq.
485 2635 523 2693 M.
541 2638 571 2692 et
594 2634 625 2692 in
649 2635 759 2692 iambis
782 2632 855 2712 περὶ
878 2630 1036 2713 διαφορᾶς
1058 2629 1199 2714 ποιητῶν
1222 2653 1251 2692 v.
1271 2636 1309 2693 13
1327 2653 1393 2710 sqq.

114 2724 172 2782 Sed
184 2740 257 2781 num
273 2724 304 2780 in
319 2724 542 2798 prolegomenis
559 2724 600 2782 ad
615 2723 782 2782 Hesiodum
799 2723 925 2781 eandem
942 2724 1123 2782 sententiam
1141 2725 1391 2798 comprobaverit,

114 2812 238 2870 difficile
269 2815 317 2870 est
348 2813 387 2869 ad
412 2812 648 2880 diiudicandum.
679 2813 752 2888 quia
775 2831 803 2888 p.
831 2813 879 2879 12,
896 2813 946 2873 35.
969 2813 1179 2871 tantummodo
1204 2814 1279 2870 haec
1301 2813 1395 2871 habet

110 2904 221 2960 verba:
252 2897 307 2960 nal
338 2898 503 2980 γνώρισμα
534 2899 594 2980 μέν
624 2900 686 2961 ἐστι
715 2898 856 2979 λυρικῶν
885 2904 1036 2980 ποιητῶν,
1066 2897 1102 2961 τὸ
1128 2897 1211 2980 πρὸς
1234 2899 1333 2980 λύραν
1355 2897 1392 2961 τά

110 2989 234 3051 τούτων
251 2987 385 3068 ᾄδεσθαι
401 2988 492 3069 μέλη,
509 2987 555 3056 ὡς
570 2985 607 3048 τὰ
619 2986 787 3068 Πινδάρου
804 2987 857 3050 καὶ
868 2987 1069 3070 Στησιχόρου
1085 2987 1140 3051 καλ
1150 2988 1392 3069 Ἀνακρέοντος.

112 3079 171 3137 Sed
194 3079 261 3138 fieri
284 3081 413 3154 poterat,
439 3083 474 3136 ut
490 3078 615 3137 Tnetzes
637 3079 820 3137 sententiam
836 3082 1052 3138 commutatam
1068 3081 1125 3137 hoc
1142 3080 1209 3138 loco
1226 3082 1392 3154 praeberet,

111 3168 290 3244 praesertim
315 3186 383 3226 cum
406 3169 437 3225 in
460 3168 643 3226 tractatibus
667 3165 738 3244 περὶ
761 3165 939 3246 κωμῳδίας
962 3169 1107 3227 iudicium
1130 3169 1242 3227 falsum
1266 3169 1303 3227 de
1325 3170 1393 3226 Ari-

113 3257 229 3315 starchi
242 3260 272 3315 et
284 3257 431 3316 Zenodoti
443 3258 631 3332 temporibus
643 3256 795 3330 prolatum
808 3253 1007 3339 correxeritl)
1029 3258 1133 3333 Neque
1145 3276 1218 3317 vero
1231 3259 1394 3334 quicquam

113 3347 172 3404 hac
196 3347 232 3404 de
255 3364 286 3404 re
311 3364 378 3404 cum
401 3346 466 3403 ulla
489 3346 714 3421 probabilitatis
739 3346 840 3420 specie
864 3347 989 3420 proferri
1013 3350 1124 3422 potest.

220 3435 272 3502 Ea,
306 3454 384 3510 quae
415 3436 446 3492 in
477 3434 626 3492 anecdoto
659 3437 690 3492 et
719 3436 801 3511 apud
825 3436 965 3494 Tzetzam
994 3437 1029 3493 de
1053 3437 1139 3512 poesi
1162 3437 1257 3511 lyrica
1280 3437 1395 3511 scripta

113 3527 246 3592 exstant,
273 3527 337 3582 arte
361 3525 524 3582 cohaerent
547 3541 615 3581 cum
639 3524 691 3592 eis,
719 3541 797 3598 quae
821 3524 930 3581 ibidem
956 3525 991 3582 de
1016 3525 1207 3602 dithyrambo
1222 3525 1392 3583 traduntur.

113 3614 158 3671 De
192 3630 252 3688 quo
285 3630 363 3687 quae
396 3613 510 3689 profert
533 3612 668 3681 Ττείτεε,
700 3631 736 3670 ea
758 3613 883 3671 vinculo
908 3613 1040 3688 quodam
1064 3616 1223 3672 cohaerere
1248 3632 1314 3672 cum
1338 3614 1391 3680 eis,

116 3719 196 3777 quae
221 3702 335 3775 scripta
358 3701 485 3775 legimus
510 3702 589 3775 apud
610 3701 752 3759 Photium
776 3701 806 3758 in
823 3703 972 3776 excerptis
989 3721 1027 3760 ex
1042 3704 1140 3761 Procli
1157 3703 1394 3762 chrestomathia

114 3791 270 3858 confectis
296 3791 475 3864 comprobat
497 3789 654 3847 Kaibelius
686 3790 703 3848 l.
729 3808 752 3847 s.
777 3809 800 3848 s.
825 3808 852 3864 p.
877 3787 953 3868 372)
1001 3792 1059 3850 Se'd
1083 3810 1264 3869 magnopere
1286 3795 1395 3851 nostra

111 3929 326 3940 --——-——

223 4018 241 4082 1)
261 4014 297 4070 ef.
317 4015 476 4069 Kaibelium
493 4015 511 4069 l.
530 4031 551 4069 s,
571 4031 593 4068 s,
612 4030 639 4085 p.
658 4013 684 4068 4.

222 4087 241 4156 ”l
261 4087 391 4141 Proelum
404 4087 503 4140 eodem
516 4086 601 4140 modo
615 4089 703 4157 atque
716 4086 929 4158 compilatorem
942 4087 1075 4141 anecdoti
1085 4088 1213 4143 Estensis
1223 4088 1394 4159 dithyramhi

115 4174 219 4212 nomen
239 4158 379 4212 derivasse
399 4157 614 4228 Olympiodorus
639 4174 751 4229 quoque
769 4160 893 4212 testatur
911 4159 940 4212 in
959 4158 1087 4213 Platonis
1106 4159 1167 4214 vita
1186 4176 1208 4213 c.
1228 4160 1264 4213 lll
1282 4162 1338 4214 vol.
1358 4161 1394 4214 VI

113 4245 140 4298 p.
162 4229 221 4283 192.
251 4229 422 4298 (Hermennlz
452 4223 619 4296 διθύραμβος
645 4225 696 4297 γάρ
715 4228 729 4280 ὁ
749 4227 872 4284 Διόνυσος
890 4228 924 4286 ῶς
942 4227 971 4280 ἐκ
989 4226 1034 4282 δίο
1052 4231 1144 4300 θυρῶν
1161 4227 1285 4293 ἐξελθών,
1305 4234 1350 4296 τῆς
1366 4250 1395 4283 τε

114 4296 231 4367 Σεμέλης
249 4303 359 4352 καὶτοῦ
376 4305 462 4370 μηροῦ
479 4305 527 4350 τοῦ
545 4296 624 4355 Διός.
635 4298 766 4352 εἰώθεσαν
783 4298 833 4369 γάρ
853 4295 881 4351 οἱ
897 4300 1001 4370 ἀρχαῖοι
1018 4299 1052 4353 τὰ
1071 4298 1178 4353 αἶτιατά
1191 4300 1331 4369 ὀνομάζειν
1341 4302 1396 4358 τοῖς

113 4375 168 4423 τῶν
195 4371 287 4422 αἰτίων
313 4369 434 4439 ὀνόμασι,
462 4370 588 4440 καθάπερ
616 4373 660 4421 καὶ
681 4369 729 4422 τὸν
749 4370 874 4423 Διόνυσον
891 4369 1082 4424 καλοῦσιν·διό
1101 4377 1146 4424 καὶ
1164 4371 1178 4424 ὁ
1197 4371 1318 4442 Πρόκλος
1333 4377 1396 4443 περὶ

113 4441 206 4494 τούτου
225 4441 371 4510 φησί·ὅσσ’
395 4439 464 4496 εἶδον
481 4444 611 4495 τεκέεσσιν
629 4439 791 4510 ἐφημίξαντο
810 4448 920 4502 τοκεῦσι.
952 4445 988 4498 cf.
1007 4445 1052 4498 ht.
1072 4445 1141 4499 (lud.
1155 4461 1176 4498 e.
1190 4462 1216 4498 u.
1231 4440 1396 4514 διθύραμβος

115 4530 140 4584 p.
163 4512 221 4579 146,
232 4515 274 4580 23,
294 4515 484 4570 Immischium
503 4515 520 4570 l.
539 4531 561 4568 s.
581 4531 603 4569 s.
622 4531 649 4585 p.
668 4515 729 4568 253.

1200 4605 1232 4658 5*
