3190 4944
757 264 975 322 ..68-

221 443 350 500 interest
381 443 460 517 apud
485 442 626 500 Photium
651 443 714 500 320
739 460 759 499 a
782 443 822 500 25
842 461 885 518 sq.
909 442 1001 500 Bekk.
1026 444 1075 516 agi
1100 444 1135 500 de
1160 441 1390 521 dithyramboff)
1422 444 1501 503 dein·

226 549 296 606 ceps
328 532 364 589 de
394 548 493 598 nomo,
528 532 623 589 3201)
641 532 679 588 12
704 550 769 607 sqq.
794 532 1004 606 dithyrambus
1035 535 1065 589 et
1088 549 1198 590 nonius
1223 533 1300 591 inter
1324 551 1357 590 se
1381 551 1503 608 compa·

224 623 337 678 rantur.
385 620 443 677 Sed
476 638 542 678 oum
566 620 724 678 Kaibelius
756 622 787 678 in
811 621 1037 694 Prolegomenis
1070 619 1141 701 περὶ
1172 619 1350 701 κωμῳδίας
1381 623 1502 681 demon·
1580 613 1581 700 ᾗ

225 709 368 767 straverit
406 709 595 784 Byzantinos
634 711 729 768 veluti
764 710 892 767 Tzetzae
931 713 1086 768 auctorem
1126 713 1156 767 et
1193 711 1335 770 Photium
1374 713 1474 769 Procli
1483 709 1503 789 ²)
1580 743 1581 786 γ

225 799 462 856 chrestomathia
497 817 565 856 esse
598 816 682 866 usos
719 798 808 856 facile
839 799 905 856 fieri
929 799 1039 874 potuit,
1065 802 1100 857 ut
1122 799 1149 857 is
1174 803 1282 857 auctor
1304 800 1502 876 Byzantinus,
1580 791 1581 842 1

225 888 273 944 oui
289 887 458 946 anecdoton
474 889 537 946 Est.
554 888 707 954 debemus,
728 892 823 944 totam
840 887 998 945 materiam
1010 889 1110 946 Procli
1127 889 1328 962 dispositione
1340 891 1504 963 perductus
1580 901 1581 928 ³

225 973 454 1053 coufunderet.⁸)
501 977 587 1047 Quod
618 977 720 1052 ipsum
751 995 871 1052 quoque
896 977 1036 1034 Tzetzam
1067 977 1176 1035 fecisse
1208 979 1405 1036 statuendum
1437 997 1504 1038 esse
1580 1007 1581 1010 ¹

225 1083 342 1123 censeo.
396 1067 503 1141 Itaque
534 1066 693 1123 Kaibelius
717 1066 735 1122 l.
761 1085 784 1124 s.
810 1085 832 1123 ε.
858 1085 885 1140 p.
911 1067 966 1133 36.Ι
994 1084 1062 1123 mea
1093 1067 1214 1141 quidem
1247 1069 1399 1125 sententia
1430 1070 1504 1126 bene

223 1155 377 1213 iudicavit.
424 1155 537 1212 Poetae
569 1157 671 1211 autem
702 1155 788 1229 lyrici
820 1158 980 1230 propterea
1010 1156 1068 1212 hoc
1097 1156 1165 1215 loco
1200 1159 1272 1213 sunt
1303 1158 1406 1230 positi,
1433 1158 1506 1232 quia

224 1241 470 1322 ᾅσματογράῳοι
502 1244 661 1319 lyricorum
693 1244 793 1301 locum
824 1246 977 1302 tenebant.
1023 1245 1134 1301 Verum
1167 1249 1268 1302 autom
1297 1245 1454 1304 invenitur
1475 1248 1504 1304 in

224 1333 349 1391 scholiis
374 1333 532 1390 Vaticanis
556 1333 631 1390 artis
655 1334 862 1409 Dionysianae
879 1351 906 1406 p.
927 1334 996 1398 173,
1014 1334 1056 1391 28
1072 1334 1125 1390 H.:
1142 1329 1279 1412 Ποίησίς
1294 1332 1356 1394 ἐστι
1371 1331 1504 1414 ίαρική·

224 1421 340 1501 εἴρηται
372 1419 406 1482 δὲ
436 1419 548 1500 λυρικὴ
581 1419 645 1480 ἀπὸ
676 1425 732 1481 τοῦ
764 1419 945 1491 ἀξιοπίστου
978 1420 1190 1500 ὀργάνου·οά
1214 1420 1316 1501 μόνον
1339 1420 1401 1502 γὰρ
1424 1421 1505 1502 πρὸς

224 1509 323 1588 λύραν
354 1509 484 1588 ἐλέγετο,
516 1508 593 1570 ἀλλὰ
624 1508 677 1570 καὶ
708 1507 790 1587 πρὸς
821 1507 918 1571 αάλδν
949 1509 1003 1570 καὶ
1033 1510 1186 1591 βάρβιτον
1213 1509 1267 1571 καί
1290 1509 1431 1592 κιθάραν
1454 1511 1505 1572 καὶ
1580 1505 1581 1510 ¹

225 1598 335 1667 ἁπλῶς
366 1598 460 1659 εἰπεῖν
491 1598 573 1678 πρὸς
596 1603 660 1659 πᾶν
684 1598 821 1678 ὄργανον
845 1597 1024 1678 μουσικόν·
1042 1598 1108 1661 ἀλλ’
1134 1597 1241 1680 ἐπειδὴ
1265 1599 1330 1661 τῶν
1354 1600 1504 1662 ἁπάντων

209 1687 259 1768 ,τὸ
276 1686 529 1758 ἀξιοπιστότατον
545 1687 684 1767 ὄργανον
700 1686 812 1767 ήλύρα
829 1687 918 1759 ἐστίν,
934 1685 999 1748 ἀπὸ
1014 1687 1128 1769 ταύτης
1145 1687 1336 1768 ὠνόμασται.
1369 1691 1426 1749 Sed
1445 1709 1505 1766 qua

225 1779 341 1836 ratione
364 1778 479 1836 iactum
496 1780 545 1845 sit,
571 1781 606 1836 ut
621 1778 707 1854 lyrici
723 1779 950 1836 nominarentur
965 1777 1218 1858 ᾀσματογράφοι,
1243 1781 1388 1852 cognosci
1403 1784 1505 1856 potest

226 1885 262 1924 ex
275 1868 359 1948 hisce
368 1867 497 1925 Tnetzac
509 1868 610 1926 verbis
625 1865 744 1943 (proleg.
758 1868 797 1924 ad
809 1867 956 1942 Lycophr.
969 1887 997 1943 p.
1009 1869 1070 1926 259
1086 1867 1148 1944 Mt:
1165 1865 1503 1948 Ἀισματογρόφων

227 1953 271 2031 δὲ,
294 1958 359 2014 τῶν
390 1954 443 2015 καὶ
474 1954 604 2036 ἀοιδῶν,
629 1955 831 2035 γνωρίσματα
855 1953 890 2016 τὸ
914 1955 1077 2036 ᾅσματα
1101 1954 1170 2016 καί
1193 1953 1305 2036 ᾠδὰς
1328 1957 1503 2037 γράφειν
1580 1957 1581 2032 Ῐ

225 2043 288 2104 κτλ.
324 2046 483 2103 Praeterea
506 2043 750 2124 ᾁσματογράφοι
775 2048 804 2102 et
828 2042 933 2105 ἀοιδοί
954 2049 1026 2104 sunt
1042 2043 1253 2123 commutati.⁴)
1278 2047 1311 2103 1n
1328 2047 1503 2106 universum
1580 2033 1581 2098 1

227 2138 328 2192 σιτίσαι
353 2139 400 2192 est
424 2135 581 2192 dicendum
604 2135 635 2192 in
659 2135 712 2196 eis,
739 2153 817 2209 quae
837 2135 917 2209 apud
936 2135 1077 2192 Tzetzam
1093 2136 1170 2192 etin
1187 2136 1336 2194 anecdoto
1353 2137 1390 2194 de
1406 2137 1503 2211 poetis
1580 2207 1581 2216 η

226 2223 328 2298 lyricis
352 2224 553 2298 proteruntur,
580 2225 676 2281 multa
700 2241 768 2282 esse
792 2225 976 2298 perturbata.
1013 2225 1112 2282 Verba
1135 2226 1229 2282 enim:
1252 2228 1349 2284 ταῦτα
1374 2221 1409 2284 δὲ
1425 2221 1503 2304 ήσαν

228 2311 348 2372 ἔπαινοι
384 2315 449 2372 τῶν
487 2311 684 2393 νικησάντων
723 2311 756 2372 ἐν
790 2315 856 2379 ταῖς
890 2310 1054 2392 ἐπισήμοις
1088 2311 1211 2393 ἑορταῖς
1244 2314 1403 2371 referenda
1437 2331 1502 2371 esse
1580 2347 1581 2356 .

224 2403 364 2459 videntur
395 2403 434 2459 ad
465 2401 605 2462 ἐπινίκια.
653 2403 711 2460 Sed
747 2420 825 2477 quae
858 2402 893 2458 de
925 2402 1016 2460 choro
1049 2403 1249 2476 proteruntur,
1284 2403 1436 2476 quadrant
1466 2402 1501 2460 ad
1580 2477 1581 2480 Ἴ

225 2491 461 2566 dithyrambum‚
503 2510 592 2566 quem
627 2510 646 2548 a
681 2491 771 2549 choro
812 2491 1034 2564 quinquaginta
1072 2492 1205 2549 virorum
1245 2509 1313 2550 esse
1349 2495 1502 2549 cantatum

225 2581 393 2638 Simonides
417 2581 553 2638 affirmat
574 2580 609 2637 ir.
630 2580 700 2637 147.
724 2580 805 2637 Poe.
829 2579 889 2636 vol.
913 2577 973 2636 111³
996 2598 1023 2654 p.
1043 2581 1127 2638 1174
1151 2580 1276 2653 Bergk:

439 2683 625 2765 Ξεινοφίλοσ
650 2683 685 2745 δὲ
707 2684 777 2745 τόθ’
802 2683 871 2752 υίὸς
886 2683 1082 2766 Ἀριστείδης
1105 2685 1250 2766 ἐχορήγει

436 2773 614 2854 πεντήκοντ’
641 2772 770 2851 ἀνδρῶν
793 2771 874 2834 καλὰ
898 2773 1035 2854 μαθόντι
1057 2773 1183 2854 χορῷδ)

332 2883 414 2952 Quae
438 2884 474 2940 de
498 2887 587 2939 tauro
603 2883 634 2938 in
659 2882 806 2940 anecdoto
829 2883 943 2958 scripta
967 2885 1098 2951 exstant,
1124 2883 1195 2940 item
1220 2901 1288 2940 cum
1312 2883 1502 2958 dithyrambo
1580 2919 1581 2946 ι

226 2972 449 3048 quodammodo
481 2973 641 3029 cohaerere
673 2989 709 3027 ex
742 2971 852 3028 Suidae
883 2971 983 3028 verbis
1016 2989 1040 3029 s.
1064 2990 1091 3029 v.
1122 2969 1329 3050 ταοροφάγον
1362 2971 1502 3046 cognosci
1580 3033 1581 3052 η

225 3064 342 3136 potest:
367 3057 581 3138 τααροφάγον.
628 3055 681 3119 τὸν
705 3055 860 3119 Διόνυσον
883 3057 1066 3138 Σοφοκλῆς.
1113 3057 1179 3119 ἀντὶ
1202 3064 1267 3130 τοῦ,
1296 3057 1341 3119 ὅτι
1363 3063 1430 3127 τοῖς
1452 3056 1502 3119 τόν
1580 3055 1581 3110 f

226 3147 428 3227 διθύραμβον
466 3147 611 3228 νικήσασι
637 3146 717 3227 βοῦς
748 3145 879 3209 ἐδίδοτο.
934 3149 953 3228 ἢ
985 3146 1040 3208 τὸν
1069 3147 1231 3229 ὠμηστήν.
1286 3146 1342 3227 ἀφ’
1375 3143 1415 3209 οὗ
1451 3145 1501 3209 κα1
1580 3199 1581 3210 .

333 3413 351 3478 ¹)
373 3411 491 3464 Diversa
518 3411 628 3464 ratione
648 3411 789 3464 Cornutus
818 3408 1002 3479 philosophus
1026 3410 1146 3478 explicat
1166 3410 1223 3462 vim
1243 3410 1320 3462 vocis
1339 3404 1502 3478 διθύραμβος

225 3485 252 3537 in
272 3482 444 3551 Theologine
464 3482 589 3535 Graecae
616 3481 782 3550 compendio
811 3500 832 3533 c.
854 3482 888 3531 :tir
908 3498 931 3548 p.
952 3480 995 3541 61,
1011 3481 1049 3534 11.
1070 3481 1112 3534 la:
1135 3476 1300 3548 διθύραμβος
1318 3475 1363 3530 δ’ὁ
1383 3477 1503 3533 Διόνυσοι

225 3551 325 3619 ἐκλήθη
342 3551 455 3622 πότερον
472 3551 506 3608 ὡς
523 3550 554 3603 τδ
574 3548 683 3638 δίθνρον
695 3559 743 3603 τοῦ
756 3550 884 3619 στόματος
897 3551 1049 3618 ἀναφαίνων
1061 3555 1106 3602 καὶ
1119 3549 1308 3620 ἐκφερομνθεῖν
1319 3547 1353 3601 τὰ
1366 3549 1502 3620 ἀπόρρητα

224 3630 309 3677 ποιῶν
327 3625 345 3690 ἢ
362 3623 396 3680 ὥς
415 3618 448 3676 δι’
468 3621 547 3674 αάτδν
565 3627 609 3674 καὶ
636 3627 680 3675 επὶ
700 3621 748 3678 τοὶς
765 3621 850 3689 θύρας
869 3621 1067 3690 ἀναβαινόντων
1085 3627 1138 3673 τῶν
1155 3624 1220 3673 νέων
1238 3622 1256 3687 ἢ
1274 3619 1453 3690 ἐμβαινόντων
1470 3621 1502 3675 εἶτ·

226 3696 311 3759 αὐτάς,
330 3694 344 3748 ‘o'
364 3693 434 3747 ἐστιν
452 3693 635 3760 ἐμπιπτόντων
653 3698 698 3745 καὶ
717 3691 921 3746 διασαλενόντων
938 3691 973 3744 τά
991 3690 1112 3762 κλεῖθρα.

333 3767 407 3829 2101.
436 3766 568 3836 imprimis
597 3767 667 3819 haec
696 3766 811 3819 Kaibelii
841 3767 926 3818 verba
954 3782 979 3834 p.
1002 3765 1047 3818 18:
1069 3765 1133 3828 „Ich
1163 3765 1266 3832 glaube
1285 3766 1360 3828 aber,
1382 3764 1438 3818 dau
1458 3765 1504 3817 der
1580 3779 1581 3784 ¹

227 3839 330 3893 Schein
358 3838 443 3906 irdgt,
473 3838 529 3891 und
559 3837 613 3890 dass
635 3841 661 3889 iu
681 3837 830 3890 Wairrheit
848 3836 974 3890 Proklos'
995 3837 1073 3890 Buch
1095 3835 1186 3888 direkt
1205 3837 1274 3889 oder
1293 3835 1414 3888 indirekt
1433 3835 1504 3888 allen

225 3909 378 4014 folgenden
406 3908 634 3990 Jahrhunderten
665 3909 708 3960 die
739 3908 1032 3990 ii'tterurhistorischeu
1054 3907 1225 3960 Konutnisso
1253 3907 1413 3988 vermittelt
1428 3907 1503 3960 hat.“

227 4052 302 4122 qiu
330 3981 557 4120 iduati
574 3979 1143 4120 tttttttattiguifit
1157 3978 1503 4117 tassimata

225 4121 313 4175 κοινόν
340 4127 368 4177 et
396 4125 425 4176 in
453 4123 593 4176 anecdota
621 4123 692 4174 Est:
721 4119 763 4172 ὅτι
790 4116 818 4171 οἰ
843 4117 1032 4190 διθυραμβικοὶ
1062 4114 1090 4171 οἰ
1119 4119 1193 4171 οὗτοί
1222 4113 1271 4171 εἶσι
1300 4119 1355 4175 τοῖς
1384 4118 1502 4190 λυρικοῖς.

226 4193 346 4250 Constat
364 4193 437 4248 enim
456 4193 528 4246 inter
542 4209 639 4247 omnes
652 4194 807 4261 posteriore
820 4195 916 4246 aetate
930 4209 1029 4246 nomos
1043 4191 1229 4261 dithyrambis
1242 4191 1329 4245 fuisso
1342 4192 1502 4246 simillimos.

226 4267 259 4320 cf.
280 4265 429 4320 Christium
459 4265 522 4318 hist.
551 4265 605 4318 litt.
626 4264 684 4318 (τίτ.4
711 4281 738 4333 p.
760 4264 819 4318 191.
857 4264 892 4318 cf.
915 4264 999 4318 clem.
1019 4263 1169 4316 Alexandr.
1189 4267 1285 4316 strom.
1304 4262 1317 4315 1
1334 4278 1362 4333 p.
1384 4262 1442 4316 133.
1463 4263 1502 4316 S:

225 4335 317 4394 νόμους
336 4333 364 4389 δὲ
380 4341 486 4406 πρῶτος
501 4329 564 4408 Ιήσεν
582 4333 609 4386 ἒν
626 4341 694 4405 χορῷ
713 4338 758 4387 καὶ
770 4334 872 4404 κιθάρᾳ
888 4331 1019 4402 Τιμόθεος
1031 4333 1045 4386 ἀ
1058 4330 1194 4400 Μιλήσιος,
1210 4333 1503 4389 01.Wilam0witzium

226 4407 408 4481 ‘Timotheus'
427 4409 501 4478 Lips.
524 4407 600 4472 1903,
619 4425 645 4477 p.
665 4407 700 4462 95
719 4407 783 4461 adn.
804 4407 828 4460 1.

332 4479 351 4548 ⁴)
370 4480 405 4533 cf.
425 4479 583 4534 Kaibelium
601 4479 619 4532 1.
637 4495 659 4534 s.
679 4496 701 4532 s.
722 4497 748 4549 p.
768 4478 810 4532 37.

332 4551 352 4622 ⁶)
373 4553 409 4605 ci.
429 4551 553 4606 Crusium
573 4550 648 4619 apud
667 4550 853 4620 Pauly-Wiss.
873 4550 905 4616 V,
927 4549 1003 4603 1216.
1018 4566 1040 4603 s.
1054 4565 1079 4602 v.
1099 4548 1309 4616 Dithyrambos
