3190 4944
636 231 856 289 „73-

214 404 232 486 §
258 408 285 465 6.
312 408 438 466 alterius
472 409 613 466 anecdoti
643 409 741 484 partis
773 408 872 482 agitur
896 409 933 465 de
964 409 1055 466 choro
1088 410 1118 465 et
1148 409 1386 482 proprietatibus

105 497 284 570 tragoediae
308 500 339 554 et
360 497 484 554 fabulae
509 499 671 573 satyricae,
705 498 741 555 de
765 515 826 572 qua
849 497 924 555 haec
956 498 1070 572 scripta
1093 497 1233 570 legimus:
1266 494 1312 556 ὅτι
1334 495 1388 557 καὶ

103 583 255 663 σατύρων
278 583 357 646 ἴδιον
379 583 415 645 τὸ
439 583 609 653 τοσούτους
633 585 713 664 ἔχειν
729 584 891 665 χορευτάς,
915 584 1012 653 ὅσους
1034 583 1088 645 καί
1112 585 1145 646 οῖ
1161 585 1311 664 τραγικοί,
1334 584 1388 646 καί

104 679 170 741 τοῖς
203 672 317 752 γέλωσι
346 672 400 734 καί
431 673 604 753 σκώμμασι
635 678 805 754 συγκιρνᾶν
835 671 888 735 καὶ
920 673 1115 754 ὀλοφύρσεις.
1160 669 1321 753 Πρατίνας
1353 672 1387 734 δὲ

103 762 234 843 ἄριστος
257 762 432 842 σοτυρικός.
480 765 596 834 Quibus
628 783 696 822 cum
727 765 828 822 verbis
861 764 1043 823 conferenda
1073 767 1146 822 sunt
1175 782 1219 831 ea,
1253 782 1332 838 quae
1356 765 1387 821 in

106 853 237 910 Tzetnae
262 853 386 910 scholiis
411 853 450 910 ad
466 853 695 928 Lycophronem
718 872 745 928 p.
763 854 826 912 255
839 854 878 911 M.
902 854 1109 912 inveniuntur:
1134 851 1153 932 ἡ
1179 850 1213 913 δὲ
1236 850 1386 931 σατυρικὴ

104 940 231 1021 ποίησις
246 946 430 1022 συγκιρνᾷ
443 945 524 1009 ταῖς
539 939 792 1021 ὀλοφύρσεσιν
808 940 1023 1022 ἱλαρότητα,
1041 939 1103 1002 καί
1119 937 1192 1001 ἀπὸ
1210 939 1388 1018 δακρύων

106 1030 160 1097 εῖς
191 1027 314 1109 χαρὰν
346 1037 532 1090 καταντᾶν
560 1028 683 1091 εῖωδε.
729 1031 816 1088 Hanc
840 1035 942 1090 autem
967 1031 1149 1089 sententiam
1173 1030 1298 1088 Tzetzes
1323 1031 1387 1104 ipse

105 1121 267 1194 impugnat
296 1121 327 1176 in
359 1123 494 1178 tractatu
525 1118 597 1198 περὶ
624 1118 802 1198 κωμῳδίας
824 1121 875 1178 Ma
898 1117 976 1200 §27
1002 1115 1043 1201 (p.
1062 1121 1103 1178 30
1127 1115 1261 1200 Kaibel):
1293 1123 1387 1179 ταῦτα

103 1207 166 1286 μέν
189 1229 246 1287 μοι
266 1204 457 1287 Ἡλιοδώρῳ
481 1208 703 1287 συμπέπτωκε,
727 1213 791 1276 τοῖς
815 1207 850 1269 δὲ
871 1206 928 1276 τὰς
949 1205 1100 1287 τραγικὰς
1122 1206 1251 1288 βίβλους
1274 1207 1387 1288 ἐξηγη-

107 1296 257 1375 σαμένοις
286 1295 434 1367 πεισδείς,
467 1295 513 1364 οίς
543 1295 597 1358 καὶ
628 1293 717 1357 οὗτοί
745 1318 823 1377 φασι
852 1295 890 1358 τὰ
921 1297 1010 1368 αὐτά,
1042 1294 1130 1358 εἶπον
1153 1293 1305 1377 Ὀρέστην
1335 1295 1388 1356 καί

99 1384 273 1465 Ἄλκηστιν
304 1383 482 1465 Εὐριπίδου
513 1385 567 1446 καί
597 1384 653 1466 τὴν
683 1383 894 1466 Σοφοκλέους
918 1383 1095 1464 Ἠλέκτραν
1129 1383 1206 1447 εἶναι
1236 1383 1387 1463 σατυρικὰ

108 1473 264 1554 δράματα,
296 1473 342 1542 ὡς
366 1473 430 1535 ἀπὸ
461 1474 600 1543 πένδους
630 1475 674 1543 εῖς
697 1473 801 1555 χαρὰν
823 1474 1048 1555 καταλήγοντα,
1079 1474 1132 1536 καὶ
1156 1474 1240 1536 ούτω
1263 1474 1389 1554 μέτροις

106 1586 138 1625 τε
166 1561 221 1624 καὶ
243 1561 364 1630 λοιποῖς
393 1586 458 1643 μου
490 1563 733 1644 συγγράμμασιν
763 1563 900 1645 γράφων
931 1563 1108 1635 ἐδίδασκον,
1140 1565 1203 1631 ἕως
1233 1561 1389 1642 ἀναγνοὺς

106 1650 287 1732 Εὐριπίδου
302 1650 403 1713 πολλὰ
421 1651 567 1733 δράματα
583 1649 678 1733 εὗρον
694 1653 748 1714 καί
765 1654 867 1733 ἔγνων
881 1651 919 1713 τὰ
936 1651 1087 1734 σατυρικὰ
1105 1652 1250 1732 δράματα
1265 1653 1389 1732 τέρψεις

106 1739 285 1821 θυμελικὰς
308 1741 428 1821 ἀμιγεῖς
451 1740 505 1803 καί
529 1742 649 1821 γέλωτα
665 1740 842 1824 φέροντα.1)
881 1745 967 1802 Hunc
984 1747 1087 1802 autem
1103 1762 1231 1802 errorem
1249 1745 1389 1801 Tzetzam

105 1831 296 1890 commisisse
316 1832 450 1890 Euclidis
475 1833 600 1890 scholiis
622 1834 660 1889 ad
677 1834 858 1909 Dionysium
875 1834 1018 1892 Thracem
1039 1834 1215 1908 perductum
1232 1832 1389 1890 Kaibelius

107 1922 138 1977 in
162 1920 384 1995 prolegomenis
411 1918 484 1999 περὶ
506 1918 683 2001 κωμῳδίας
707 1922 771 1996 p.5
796 1923 1025 1980 demonstravit.
1072 1923 1179 1997 ltaque
1210 1922 1318 1979 iterum
1350 1922 1387 1978 ad

106 2027 178 2067 eum
201 2010 315 2067 fontem
340 2011 541 2083 pervenimus
575 2011 626 2085 qui
650 2011 756 2085 aliqua
779 2012 898 2069 ratione
923 2013 1085 2070 cohaereat
1109 2028 1177 2068 cum
1201 2011 1326 2068 scholiis
1351 2011 1388 2067 ad

107 2099 291 2173 Dionysium
314 2099 459 2156 Thracem
483 2100 669 2174 compositis.
716 2100 856 2157 Forsitan
885 2101 1037 2158 censeatis
1061 2101 1176 2157 fontem
1199 2099 1283 2156 illum
1307 2117 1388 2157 com·

107 2205 229 2244 munem
251 2187 349 2245 fuisse
374 2188 491 2246 scholia
513 2190 543 2245 in
568 2189 750 2263 Dionysium
773 2189 917 2246 Thracem
942 2189 1124 2263 conscripta,
1155 2207 1233 2263 quae
1258 2191 1389 2246 aetatem

107 2294 169 2334 non
193 2276 336 2344 tulerunt,
362 2277 392 2333 id
417 2278 499 2351 quod
523 2279 737 2352 comprobatur
761 2275 817 2358 §2
842 2278 968 2336 alterius
993 2278 1133 2336 anecdoti
1156 2277 1262 2351 partie.

215 2365 281 2422 Hac
305 2366 384 2422 enim
399 2368 591 2442 paragrapho
616 2368 717 2441 agitur
733 2367 769 2424 de
786 2367 900 2441 origine
916 2385 1046 2441 poeseos
1065 2367 1259 2423 dramaticae.
1290 2368 1389 2423 Aneo-

106 2455 174 2512 doti
198 2458 301 2511 autem
331 2456 466 2513 narratio
498 2457 636 2528 congruit
667 2474 735 2512 cum
767 2474 811 2524 ea,
846 2474 924 2531 quae
955 2456 1108 2513 invenitur
1138 2456 1170 2512 in
1203 2454 1327 2513 scholiis
1360 2457 1391 2511 in

107 2544 291 2618 Dionysium
307 2544 452 2601 Thracem
477 2547 506 2602 et
522 2546 552 2602 in
568 2546 697 2602 Tzetzae
720 2547 855 2602 tractatu
870 2546 922 2602 Pa
937 2563 965 2619 p.
986 2545 1024 2602 12
1035 2563 1101 2621 sqq.
1127 2544 1241 2602 Kaibel.
1273 2544 1389 2616 Quibus

108 2633 144 2690 de
169 2634 260 2691 rebus
292 2633 354 2707 egit
377 2633 535 2694 Kaibelius
567 2635 598 2691 in
622 2634 843 2708 prolegomenis
868 2653 895 2708 p.
912 2635 954 2692 42
968 2652 1033 2710 sqq.
1081 2635 1139 2690 Sed
1168 2633 1390 2691 consideranda

109 2725 183 2779 sunt
207 2740 251 2790 ea,
285 2739 364 2797 quae
396 2725 453 2780 sub
477 2724 568 2781 finem
592 2724 684 2781 huius
708 2724 892 2799 paragraphi
916 2725 1031 2799 scripta
1064 2726 1199 2780 exstant:
1228 2742 1389 2799 σωφρονι-

107 2807 253 2870 σύέντων
277 2806 323 2870 δέ
341 2814 405 2870 τῶν
432 2810 626 2890 κακούργων
657 2810 835 2892 ἒφηφίσατο
859 2811 878 2892 ἡ
902 2815 967 2872 τῶν
983 2809 1167 2890 Ἀθηναίων
1189 2807 1290 2890 βουλὴ
1320 2809 1388 2870 κατ’

106 2895 251 2960 ἕνιαυτδν
281 2902 372 2959 τοῦτο
403 2904 503 2960 ποιεῖν
534 2899 567 2960 ἐν
599 2900 667 2980 ἔαρι
697 2899 751 2961 καλ
780 2899 912 2980 μάλιστα
937 2900 970 2962 ἐν
990 2899 1164 2966 Διονυσίοις
1186 2896 1259 2966 τοὺς
1282 2897 1390 2978 ἀγροί-

105 3009 188 3054 κους
223 2987 507 3066 συναγειρομένους
540 2987 594 3049 καὶ
626 2989 706 3068 μετά
739 3012 822 3057 τινος
856 2989 1033 3070 εύρυύμίας
1066 2985 1121 3056 τὰς
1148 2987 1271 3055 ἀδικίας
1294 3009 1389 3048 κατα-

106 3075 256 3156 λέγοντας
273 3123 279 3136 .
296 3075 424 3155 χρόνων
449 3075 483 3138 δὲ
505 3076 732 3158 προελθόντων
756 3077 852 3159 σοφοὶ
879 3076 952 3146 τοὺς
976 3077 1147 3159 ἀγροίκους
1164 3076 1392 3156 Ιδιαδεξάμενοι

106 3168 222 3244 σοφῶς
253 3164 374 3226 ἅπαντα
406 3163 460 3226 καί
490 3166 634 3246 κοσμίως
665 3166 826 3246 έπραττον.
880 3170 996 3239 Quibus
1032 3169 1132 3227 verbis
1164 3168 1237 3226 mihi
1270 3168 1390 3242 quidem

108 3257 231 3314 videtur
262 3257 452 3330 comprobari
483 3257 522 3326 id,
561 3258 641 3332 quod
666 3257 848 3316 Zielinskius
884 3259 915 3316 in
951 3258 1138 3333 ephemeride
1173 3257 1276 3332 philol.
1301 3257 1389 3314 class

109 3345 170 3401 vol.
194 3344 256 3402 XV.
274 3344 382 3421 (1898)
403 3345 483 3402 1341
515 3347 722 3404 demonstrare
754 3347 881 3405 studuit.
933 3347 1042 3405 Censet
1073 3347 1151 3404 enim
1182 3347 1258 3403 haec
1290 3346 1392 3402 omnia

108 3451 178 3491 esse
202 3434 360 3491 referenda
383 3435 422 3491 ad
447 3435 600 3492 Atthidem
625 3436 786 3509 quandam.

217 3518 284 3600 §3.
309 3523 464 3580 derivatur
494 3525 525 3581 in
556 3524 705 3581 anecdoto
729 3542 791 3582 vox
821 3522 980 3603 κωμῳδία
1008 3524 1066 3582 hoc
1097 3524 1203 3582 modo:
1239 3519 1303 3582 ἀπὸ
1334 3525 1390 3581 τοῦ

108 3607 217 3679 τόπου,
252 3609 284 3670 ἐν
308 3606 337 3690 ᾧ
360 3609 484 3691 ᾔδοντο,
515 3617 570 3691 τῆς
600 3610 715 3692 κώμης
746 3609 877 3691 δηλαδή,
908 3608 943 3672 τδ
976 3611 1079 3691 ὄνομα
1104 3612 1175 3691 ἔσχε
1199 3612 1218 3690 ἢ
1243 3609 1288 3671 δτι
1310 3607 1407 3693 κατὰΙ

108 3695 164 3759 τδν
191 3695 303 3777 καιρὸν
333 3703 389 3759 τοῦ
419 3699 570 3780 κώματος
601 3699 700 3780 ἤγουν
731 3704 786 3761 τοῦ
817 3699 920 3761 ύπνου
952 3699 1079 3782 εύρέύη.
1126 3702 1255 3759 Tertiam
1288 3703 1391 3756 autem

90 3788 329 3847 derivationem
360 3792 484 3862 praebet
516 3791 642 3848 Tzetzes
676 3791 706 3846 in
738 3790 869 3864 prolegg.
899 3791 937 3847 ad
961 3791 1189 3866 Lycophronem
1212 3808 1240 3865 p.
1258 3789 1321 3847 256
1339 3788 1390 3846 Μ.;

109 3877 129 3956 ἢ
154 3875 200 3936 ὅτι
223 3875 256 3938 έν
278 3880 343 3944 τοῖς
366 3875 490 3957 κώμοις
512 3876 566 3939 καί
588 3876 697 3945 πότοις
718 3882 774 3938 τοῦ
799 3876 955 3939 Διονύσου
979 3877 1107 3959 εύρέδη,
1143 3880 1174 3936 id
1199 3879 1279 3954 quod
1309 3895 1390 3935 com·

110 3967 222 4041 probat
237 3967 418 4024 Aristotcles
442 3968 473 4024 in
498 3971 563 4024 arte
586 3971 665 4042 poet.
691 3969 750 4026 c.3
776 3985 804 4042 p.
824 3968 908 4026 1448
932 3987 951 4025 a
968 3969 1018 4026 36.
1043 3969 1079 4029 cf.
1103 3986 1148 4035 ea,
1176 3985 1255 4043 quae
1272 3968 1308 4024 de
1323 3969 1392 4024 tota

107 4055 168 4114 hac
192 4056 372 4130 quaestione
396 4056 541 4114 disseruit
556 4057 713 4115 Kaibelius
736 4058 768 4115 in
783 4058 1005 4132 prolegomenis
1030 4077 1057 4132 p.
1078 4059 1192 4132 l3sqq.
1218 4060 1248 4114 et
1271 4057 1313 4113 43
1325 4074 1391 4132 sqq.

219 4145 363 4220 Sequitur
393 4145 425 4202 in
459 4146 608 4204 anecdoto
644 4165 681 4204 ea
715 4164 800 4222 pare,
842 4165 920 4221 quae
954 4150 1002 4204 est
1036 4148 1072 4204 de
1106 4143 1240 4225 ύυμέλη.
1298 4145 1390 4203 Cuius

109 4370 170 4425 Huc
188 4371 307 4436 accedit,
328 4372 403 4442 quod
416 4371 578 4425 Aristotelis
591 4372 659 4426 artis
673 4373 804 4443 poeticae
817 4373 884 4427 liber
903 4374 982 4437 alter,
1004 4373 1101 4443 inquo
1115 4373 1195 4447 quasi
1215 4370 1242 4424 ἐν
1260 4373 1393 4441 παρέργου

106 4443 184 4514 μέρει
202 4441 325 4497 fortasse
344 4443 391 4497 illa
410 4447 470 4496 erat
488 4446 622 4507 tractata,
642 4445 817 4498 saeculorum
836 4444 942 4498 incuria
961 4448 1005 4498 est
1024 4460 1183 4515 oppressus,

219 4513 238 4581 ¹)
259 4513 294 4568 cf.
315 4531 356 4580 ea,
376 4531 449 4585 quae
468 4515 587 4568 Tnetzes
608 4514 676 4568 dicit
694 4515 788 4569 Phae
807 4531 833 4585 p.
847 4515 879 4568 21
893 4515 926 4570 K.
946 4519 976 4569 et
994 4515 1046 4569 lllh
1059 4515 1094 4569 37
1113 4531 1140 4584 p.
1153 4514 1189 4568 33
1198 4515 1230 4568 K.
