3190 4944
634 226 856 282 -91-

11 463 12 478 ,
105 400 274 482 πρόχειρον
304 399 381 468 εἶναι
407 406 471 470 τοῖς
497 399 624 469 πολλοῖς
651 400 729 469 ὥςτε
758 405 822 462 τῶν
851 400 925 481 μὲν
955 405 1080 481 τριῶν
1103 401 1385 482 χαρακτήρων

11 519 12 534 ¹
105 489 291 570 ὁᾶὂρός,
322 494 398 552 τῶν
428 489 470 552 δὲ
502 488 602 552 ἑπτὰ
627 488 752 552 ἰδεῶν
774 489 817 552 τὸ
840 489 1024 570 μέγεθος
1050 490 1191 571 ἥρμοσεν
1213 494 1259 570 τῷ
1282 488 1384 570 λάμφ’

11 569 12 652 l
104 577 138 640 τὸ
170 578 230 660 γὰρ
262 577 378 660 σεμνὸν
408 577 472 642 ὑπὸ
500 577 537 644 ,τὸ
560 577 698 659 μέγεθός
721 578 808 641 ἐστιν.
856 580 971 651 Quibus
996 599 1033 638 cx
1056 581 1156 638 verbis
1180 580 1384 639 intelleximus

11 669 12 676 ’
105 671 182 728 hanc
198 671 296 728 Procli
320 671 486 729 doctrinam
511 673 580 732 arte,
599 670 758 728 cohaerere
782 688 849 729 cum
870 687 914 736 ea,
941 687 1020 744 quae
1036 670 1188 727 invonitur
1203 671 1234 727 in
1251 671 1386 727 chresto-

105 761 220 817 mathia
244 762 273 816 et
296 760 327 815 in·
352 759 500 818 anecdoto
524 759 652 822 Estensi.
690 759 850 817 Praeterea
872 759 1005 816 vidimus
1028 758 1112 816 illum
1133 776 1244 817 novam
1260 758 1386 817 Hermo-

11 853 12 920 }
104 849 188 922 genis
213 849 249 906 de
273 839 391 913 ratione
415 847 532 906 dicendi
557 848 725 907 doctrinam
748 849 881 916 novisse,
907 849 937 905 in
963 847 1200 906 chrestomathia
1222 837 1323 905 autem
1348 865 1386 905 ex

11 935 12 964 ³
104 937 326 996 vetustioribus
350 937 494 994 ‘fontibus
526 955 594 994 cum
625 933 774 1003 hauserit,
807 954 868 995 non
892 938 1042 1004 habebat,
1075 937 1155 1012 quod
1180 954 1279 994 novae
1303 936 1386 994 illius

11 1007 12 1076 l
105 1027 259 1085 doctrinae
283 1027 430 1084 rationem
453 1026 586 1084 haberet.
630 1025 737 1100 ltaque
761 1026 931 1085 Schmidius
956 1027 1013 1082 hac
1037 1026 1072 1082 de
1096 1043 1127 1082 re
1150 1026 1169 1082 l.
1186 1043 1209 1085 s.
1227 1043 1250 1085 s.
1267 1043 1294 1099 p.
1315 1025 1385 1084 160.

11 1119 12 1192 l
105 1115 182 1172 male
214 1115 369 1173 iudicavit.
416 1115 451 1172 cf.
476 1110 679 1173 lmmischium
704 1114 722 1174 l.
740 1133 763 1172 s.
781 1133 804 1172 s.
821 1133 849 1188 p.
867 1115 940 1174 254.
985 1114 1049 1172 Hoc
1081 1117 1183 1172 autem
1210 1114 1279 1172 loco'
1303 1131 1385 1172 com-

105 1205 300 1262 memoranda
323 1207 395 1264 suut
419 1222 463 1272 ea,
490 1222 569 1278 quae
593 1205 624 1260 in
647 1203 868 1280 prolegomenis
892 1204 1030 1264 Platonis
1054 1203 1265 1278 philosophiae
1288 1221 1313 1261 c.
1338 1203 1385 1261 17.

11 1323 12 1362 1
105 1294 164 1351 vol.
181 1292 229 1350 VI.
247 1311 274 1368 p.
292 1293 354 1350 211
372 1293 407 1350 H.
437 1293 553 1368 scripta
583 1292 724 1366 legimus:
762 1297 809 1370 τῷ
837 1289 869 1352 d’
900 1289 974 1352 εἴδει
997 1289 1183 1370 ἀναλογεῖὸ
1206 1290 1386 1371 χαρακτῆρ’

106 1376 222 1448 οὗτος
245 1378 271 1441 δ’
300 1381 320 1460 ἢ
345 1377 473 1460 ἁδρὸς
496 1381 515 1460 ἢ
540 1378 679 1460 ἰσχνὸς
702 1381 721 1460 ἢ
744 1378 906 1460 μικτός,
930 1378 1224 1460 καλείμικτάς,
1249 1377 1386 1460 ἢκατὰ

105 1474 254 1548 κρᾶσιν
277 1470 296 1549 ἢ
320 1467 422 1531 κατὰ
445 1469 699 1549 παράθεσιν,
725 1488 803 1546 quae
827 1472 922 1529 verba
945 1489 982 1528 ex
1005 1471 1291 1545 Neoplatonicorum
1316 1471 1387 1527 doc-

11 1563 12 1626 i
105 1561 187 1618 trina
211 1563 398 1618 emanarunt.
437 1561 537 1636 Atque
559 1561 651 1621 etiam
674 1560 795 1618 minime
819 1563 868 1618 est
890 1559 1107 1634 neglegendum
1131 1560 1162 1616 in
1187 1559 1287 1616 Albini
1310 1559 1386 1633 isag.

11 1707 12 1716 ,
105 1651 136 1714 in
158 1648 237 1706 Plat.
261 1648 369 1724 philos.
394 1667 417 1707 c.
436 1650 464 1708 2.
480 1649 539 1706 νοΙ.
555 1650 602 1718 Vl,
622 1650 682 1707 148
699 1650 734 1708 H.
756 1646 884 1728 πλάσμα
909 1650 1013 1707 eodem
1035 1666 1129 1707 sensu
1145 1649 1279 1707 adhiberi
1295 1650 1387 1723 atque

105 1739 136 1796 iu
164 1737 329 1806 anecdoto,
365 1740 446 1812 apud
477 1739 632 1804 Proclum,
674 1738 756 1813 apud
786 1738 983 1797 Plutarchum
1014 1740 1218 1812 personatum.
1272 1738 1387 1807 Quibus

108 1814 248 1949 omuibuq
278 1827 355 1884 locis
387 1824 516 1904 πλάσμα
547 1827 702 1898 significat
725 1844 821 1900 genus
845 1828 970 1885 dicendi.
1017 1827 1053 1884 ei.
1079 1826 1263 1883 Schmidium
1287 1826 1305 1885 l.
1322 1844 1345 1885 s.
1363 1844 1387 1883 s.

107 1935 133 1990 p·
161 1915 329 2074 135tlriibus
354 2003 501 2077 expositis
526 2022 541 2060 e
565 2021 602 2060 re
628 2020 695 2061 csse
719 2003 791 2061 mihi
813 2004 934 2061 videtur
965 2022 1066 2078 pauca
1096 2005 1214 2071 addere,
1249 2021 1327 2078 quae
1351 2003 1387 2060 de

11 2081 12 2120 λ
107 2094 224 2151 dicendi
255 2093 416 2166 generibus
440 2092 634 2150 inveniuntur
664 2093 694 2148 in
719 2092 788 2150 aliis
819 2092 904 2150 libris
935 2094 974 2150 ad
999 2096 1094 2150 artem
1125 2093 1275 2167 poeticam
1299 2110 1386 2167 spoc-

11 2167 12 2250 l
106 2184 252 2240 tentibus.
299 2184 399 2256 Atque
423 2182 518 2256 primo
542 2181 610 2239 loco
635 2199 688 2238 eos
717 2184 857 2239 auctores
890 2183 1140 2249 commemorabo,
1175 2183 1226 2256 qui
1253 2182 1313 2239 tria
1336 2180 1388 2238 illa

11 2277 12 2320 ἶ
106 2289 217 2345 genera
241 2267 349 2349 ἁδρόν,
374 2267 490 2350 ι’σχνόν,
513 2268 613 2348 μέσον
637 2272 791 2344 praebent.
830 2270 897 2340 Qua
919 2271 950 2326 iu
975 2289 1005 2328 re
1030 2269 1213 2342 singularem
1238 2271 1388 2345 quendam

11 2365 12 2390 ¹
106 2361 207 2418 locum
239 2361 377 2417 obtinent
399 2359 521 2434 Vergilii
548 2359 751 2427 scholiastae,
785 2377 845 2435 quo
877 2360 908 2415 in
938 2377 1063 2417 numero
1095 2376 1200 2418 omnes
1226 2358 1301 2426 iere,
1335 2363 1388 2434 qui

106 2449 188 2516 illius
213 2448 352 2507 bucolica
376 2452 448 2507 sunt
471 2449 669 2523 interpretati,
701 2449 761 2505 tria
783 2448 837 2505 illa
859 2465 970 2521 genera
997 2451 1239 2506 commemorant.
1286 2448 1387 2505 Veluti

106 2539 189 2613 apud
205 2538 336 2595 Probum
358 2539 390 2596 in
415 2539 630 2596 commentario
654 2538 685 2594 in
702 2537 788 2610 Verg.
805 2537 877 2596 Buc.
903 2540 933 2593 et
957 2537 1064 2611 Georg.
1087 2535 1147 2595 vol.
1165 2536 1214 2603 lll,
1234 2536 1252 2592 2
1278 2555 1305 2612 p.
1323 2537 1386 2595 327

105 2627 181 2684 hacc
206 2629 328 2684 exstant
353 2630 462 2685 verba:
492 2627 580 2703 ‘Sunt
604 2627 754 2701 quaedam
779 2627 909 2702 propria,
940 2626 1062 2684 heroico
1086 2626 1210 2683 carmini
1234 2625 1386 2693 sublimia,

11 2747 12 2766 t
106 2715 223 2782 sed1in
253 2716 392 2775 bucolico
420 2717 558 2784 humilia,
592 2733 671 2791 quae
703 2719 774 2790 apte
806 2715 947 2774 divisisse
973 2714 1123 2789 Vergilius
1155 2717 1280 2772 notatus
1306 2710 1387 2789 esti)

11 4485 13 4556 l

106 2805 231 2862 Servius
249 2804 287 2861 ad
303 2805 449 2863 Bucolica
467 2804 527 2863 vol.
544 2805 594 2874 lll,
616 2806 629 2863 l
650 2824 678 2880 p.
699 2806 712 2862 l
733 2810 898 2881 postquam
916 2805 952 2861 de
969 2805 1110 2862 carminis
1127 2803 1257 2862 bucolici
1274 2804 1388 2877 origine

105 2894 200 2950 verba
230 2893 314 2960 iecit,
347 2895 422 2951 haec
454 2894 598 2956 adnotat:
631 2894 776 2970 tqualitas
808 2897 910 2951 autem
934 2894 1008 2951 haec
1033 2896 1093 2959 est,
1126 2893 1243 2951 scilicet
1265 2891 1387 2950 humilis

106 2983 270 3039 character.
304 2987 366 3040 tres
390 2983 468 3040 enim
500 2986 573 3040 sunt
603 2983 802 3050 characteres,
835 2982 966 3050 humilis,
997 2982 1123 3050 medius,
1155 2982 1387 3056 grandiloquus:

106 3089 186 3146 quos
218 3089 321 3128 omncs
352 3072 382 3127 in
414 3072 471 3128 hoo
501 3072 672 3152 invenimus
705 3075 804 3146 poeta.
836 3091 907 3130 nam
938 3073 969 3128 in
993 3071 1124 3129 Aeneide
1155 3071 1388 3145 grandiloquum

105 3161 207 3228 habet,
238 3160 268 3217 in
292 3160 440 3233 georgicis
470 3162 610 3227 medium,
642 3161 674 3222 in
702 3161 849 3224 bucolicis
878 3160 1018 3218 humilem
1043 3178 1096 3235 pro
1122 3161 1270 3236 qualitate
1294 3177 1388 3233 nego-

106 3250 217 3306 tiorum
243 3251 272 3304 et
295 3249 510 3322 personarum?
557 3249 697 3324 Idemque
725 3249 760 3308 de
784 3251 916 3308 Aeneide
940 3249 999 3308 vol.
1017 3249 1038 3318 l,
1064 3267 1091 3324 p.
1108 3249 1137 3314 4,
1157 3249 1176 3306 8
1201 3249 1388 3305 haecdicit:

107 3340 166 3414 ‘est
189 3341 291 3395 autem
324 3338 413 3395 stilus
444 3338 678 3412 grandiloquus,
713 3339 765 3414 qui
794 3342 917 3396 constat
949 3338 1012 3396 alto
1044 3356 1181 3396 sermone
1209 3338 1388 3413 magnisque

106 3427 276 3492 sententiis.
313 3428 426 3484 scimus
452 3428 528 3484 enim
545 3427 608 3493 tria
628 3444 695 3484 esse
711 3442 822 3500 genera
839 3429 955 3485 dicendi
979 3427 1090 3484 humile
1114 3427 1244 3486 medium
1263 3427 1388 3499 'grandi-

106 3514 253 3590 loquum’
292 3516 374 3573 Haec
399 3519 499 3572 autem
523 3517 617 3576 verba
640 3518 765 3590 praebet
781 3517 886 3574 lunius
904 3515 1110 3591 Philargyrius
1124 3516 1146 3574 1.
1162 3517 1230 3573 'uita
1245 3515 1304 3572 vol.
1322 3511 1389 3574 {112

107 3623 136 3679 p.
157 3606 186 3662 l:
223 3605 305 3679 ‘Tres
337 3604 418 3661 modi
449 3605 636 3670 locutionum
668 3595 753 3664 sunt.
792 3622 870 3679 quos
903 3605 1097 3666 characteras
1113 3605 1234 3686 ¹(dracoi
1264 3606 1386 3671 vocant,

107 3690 215 3771 ἰσχνός
240 3695 291 3768 qui
314 3693 424 3760 tenuis,
449 3692 547 3770 μέσος
571 3694 622 3768 qui
637 3695 828 3764 moderatus.
855 3690 954 3771 ἁδρός
978 3691 1388 3768 qui-ualiduszintelldg‘itur?

108 3782 241 3866 Eandem
266 3782 445 3850 sententiam
470 3783 614 3870 scriptam
638 3776 809 3857 legimus-p.
830 3773 1280 3865 1·2;.‘„Aut(quieturos-modi
1294 3781 1389 3861 :locu-¹

200 3929 234 4002 ‘q
255 3936 295 3989 De
315 3901 934 4008 compositilrue'Plutarchus‚Neoplatonicu·s
948 3901 1199 3998 'dicitlnseholiis
1213 3936 1248 3990 ad
1261 3895 1388 4018 Dioufsii

73 4071 79 4082 .
108 3995 248 4060 lialicarn
268 4007 302 4060 de
322 3993 524 4076 compositionis
543 3997 688 4076 v‘erbdium
706 4004 810 4062 librum
828 4007 889 4076 §21
911 4009 1093 4077 conscriptis*
1110 4011 1182 4077 quae
1195 3999 1305 4077 ¹publici
1325 4003 1389 4060 iuns

108 4077 177 4134 lecit
196 4078 348 4132 Hanowius
366 4076 395 4130 in
415 4078 543 4140 Dionvsii
559 4079 714 4132 llalicaru:·
734 4079 774 4132 dd*
788 4079 991 4148 compositione
1015 4065 1245 4134 velbdrum'libri
1265 4077 1389 4147 epitome

76 4157 83 4166 '
109 4149 310 4218 ezgerrnanicis
330 4137 560 4218 exemplistedltd
572 4151 673 4204 isca:
691 4148 714 4201 ὁ·
725 4146 990 4231 δὲοῌλσόταρῇοςζτᾲ
1008 4148 1123 4230 abacto
1137 4145 1388 4230 mdtccoeddpdv,

75 4263 83 4281 ,
108 4216 187 4284 nidi
206 4220 299 4285 ἰσχνόν,
318 4217 349 4272 τὸ
369 4215 397 4272 δὲ
414 4217 594 4292 psqoqpqlet,
626 4221 663 4278 ci.
676 4221 884 4291 Volkmannum
897 4233 926 4288 m
939 4221 1082 4291 libra-,qur
1095 4221 1273 4288 inscriptura
1287 4221 1389 4291 glaebam

109 4285 166 4344 und
186 4286 329 4346 Schriften
347 4287 396 4347 dos
414 4292 549 4346 Plutarch
569 4279 633 4345 von¹
650 4282 823 4346 Chaeronea*
842 4310 866 4362 p.
880 4291 952 4346 XIV.
983 4293 1060 4346 Idem
1080 4292 1389 4346 Plutarchus'comme-

72 4369 76 4374 “
109 4368 235 4417 moratur
258 4363 344 4417 etiam
369 4380 387 4418 a
405 4362 511 4418 'l‘zetzc
536 4363 565 4416 in
587 4365 714 4418 tractatu
733 4363 778 4417 Pb
796 4367 858 4433 περὶ
875 4358 1013 4429 κωμῳδίας
1031 4362 1049 4434 ξ
1063 4363 1105 4416 23.
1127 4363 1155 4417 O.
1169 4363 1202 4417 (ἴ
1215 4363 1285 4433 Π.
1298 4363 1388 4416 mii.

75 4432 145 4489 ’cl
166 4434 324 4497 Kaibaliam
343 4435 373 4488 in
391 4434 601 4504 prolegomenis
615 4437 675 4504 cept
693 4430 830 4502 suppiles
845 4451 874 4504 p.
887 4435 930 4489 27.
953 4465 976 4511 .‹,
1031 4461 1037 4493 ¹.
1071 4445 1076 4491 l
1118 4445 1151 4486 ι4
1216 4445 1242 4491 1¹.
1275 4446 1279 4466 ν
1352 4445 1359 4457 ·

72 4541 83 4560 .
109 4530 126 4576 ,³
174 4531 178 4548 ν
208 4505 293 4586 1²)5c'f3
314 4505 346 4560 G.
363 4505 512 4570 Thilonem
531 4507 559 4566 in
578 4503 826 4585 Flcclfelsgannal.
845 4504 1247 4575 v01.14a.‚(1894).p.298.2s.
1272 4515 1283 4541 ²·
