3190 4944
724 218 947 276 ..50-

198 398 367 476 praemisso
384 413 445 455 uno
458 396 593 470 longiore
606 395 682 454 alter
692 397 812 454 brevior
867 399 939 454 sunt
978 395 1095 472 epodoe
1130 396 1258 462 Horatii,
1297 397 1327 453 ln
1367 399 1478 472 quibus

196 485 400 562 componitur,
425 488 517 562 atque
541 485 572 542 in
596 485 725 558 singulis
743 485 810 560 qui·
866 485 997 558 singulis
1009 485 1150 544 versibus
1167 485 1305 560 singulae
1322 485 1478 544 clausulae

198 578 318 652 busque
341 575 513 632 maioribus-
533 576 696 649 sequentes
713 574 810 632 mino-
866 574 1052 639 adiciuntur,
1092 577 1129 632 ut
1163 573 1260 652 (epod.
1295 574 1343 633 15.
1367 573 1417 650 16)
1450 577 1480 632 et

198 682 247 722 res
264 665 354 740 quasi
377 663 535 722 clausulae
553 661 713 731 recinunt‚'
731 679 811 738 quae
866 663 1050 739 quicumque
1063 666 1137 721 sunt
1152 663 1275 722 similes.
1287 663 1360 721 dIcti
1377 665 1479 722 autem

196 754 337 812 doctrina
374 752 557 810 inlustratur
591 752 729 830 exemplo
773 770 810 810 ex
865 749 987 830 ἒπῳὸοὶ
1021 749 1256 831 συνεκδοχικῶς
1291 771 1310 809 a
1340 753 1478 826 partibus

196 843 324 902 Horatio
349 844 480 919 sumpto.
865 840 1009 900 versuum
1033 858 1112 917 quae
1135 841 1276 916 legitimis
1300 844 1330 899 et
1353 841 1478 915 integris
1576 865 1577 916 q

866 931 1006 989 versibus
1023 926 1205 1009 sadonem,
1224 930 1254 988 id
1271 934 1320 988 est
1335 930 1477 988 accinun-
1576 969 1577 984 .

914 1017 939 1054 '1

274 1127 276 1132 ·
306 1109 364 1168 Sed
396 1125 434 1166 ex
465 1108 523 1176 eis,
560 1125 639 1182 quae
675 1107 775 1165 adhue
813 1018 1053 1184 ddsptrldrtadrimua
1090 1108 1293 1166 intelleximus
1331 1107 1479 1165 isidorum

197 1199 301 1260 multis
325 1197 402 1256 locis
426 1213 590 1272 congruere
615 1215 683 1255 cum
707 1197 859 1257 Diomede.
904 1197 992 1255 Illum
1015 1200 1119 1256 autem
1143 1215 1180 1255 ex
1204 1197 1364 1265 Suetonio,
1390 1214 1479 1272 quem

198 1284 321 1362 saepius
353 1287 392 1344 ab
423 1285 476 1343 illo
509 1303 578 1344 esse
609 1285 778 1344 adhibitum
813 1284 980 1363 constuisti
1020 1287 1177 1346 materiam
1213 1304 1302 1344 suam
1335 1286 1479 1344 hausisse
1576 1277 1577 1320 i

198 1394 294 1451 supra
317 1374 602 1434 demonstravimus.
649 1375 732 1445 Quae
756 1393 824 1434 oum
847 1376 893 1434 ita
915 1376 985 1440 sint.
1011 1375 1120 1434 Isidori
1147 1375 1233 1433 locos
1257 1375 1296 1432 ad
1320 1375 1479 1432 historiam
1576 1443 1577 1462 ¹

197 1466 366 1525 litterarum
390 1465 566 1538 spectantes
590 1465 753 1522 maximam
776 1467 893 1539 partem
909 1465 1056 1523 Suetonio
1081 1464 1182 1523 deberi
1204 1481 1270 1521 meo
1294 1463 1407 1522 iudicio
1432 1467 1480 1522 est

197 1553 437 1614 concludendum
454 1596 460 1612 .
476 1552 542 1611 Iloo
559 1553 585 1610 si
601 1570 704 1611 verum
722 1556 778 1622 est,
796 1554 957 1612 Diomedes
973 1553 1096 1629 quoque
1112 1571 1149 1612 ex
1166 1553 1313 1611 Suetonio
1330 1549 1478 1628 pendetll
1576 1543 1577 1580 ³

196 1643 301 1718 Neque
328 1645 430 1700 tamen
455 1645 503 1700 est
525 1642 742 1716 neglegendum
764 1642 914 1700 Isidorum
937 1643 968 1699 in
996 1660 1059 1700 uno
1083 1643 1247 1718 eodemque
1272 1641 1372 1717 capite
1396 1658 1478 1700 com-

197 1732 299 1808 plures
323 1729 424 1789 lontes
446 1731 536 1806 quasi
552 1731 789 1800 contaminasse,
815 1750 908 1807 quare
932 1731 1056 1789 diiiicile
1080 1734 1128 1789 est
1151 1731 1327 1799 diiudicatu,
1353 1730 1425 1806 qnid
1449 1731 1479 1786 in

197 1839 233 1880 eo
258 1820 368 1896 capIte,
393 1820 475 1894 qnod
498 1821 547 1877 est
562 1819 599 1877 de
615 1820 727 1888 metris,
754 1821 910 1889 Suetonio,
935 1821 1007 1895 quid
1024 1821 1146 1879 metrico
1163 1820 1280 1879 auctori
1295 1819 1344 1878 ille
1361 1819 1478 1877 debeat.

197 1911 240 1968 De
263 1912 330 1968 toto
355 1911 457 1966 antem
480 1908 634 1966 Diomedis
659 1909 758 1983 capite
781 1909 862 1967 infra
884 1927 984 1984 panca
1007 1909 1126 1968 addam.

304 1998 421 2066 Restat,
447 2000 482 2055 ut
506 1998 542 2056 de
566 1999 699 2057 extremo
722 1998 830 2057 Isidori
854 1999 953 2074 capIte
970 1997 1057 2076 (VIII,
1077 1997 1107 2075 7)
1131 1998 1238 2073 paucis
1263 2015 1359 2071 agam.
1383 1998 1478 2055 Para-

196 2087 331 2162 graphus
355 2087 434 2144 enim
456 2103 538 2144 nona
561 2087 678 2146 Isidoro
701 2087 762 2162 ipsi
789 2091 825 2145 ut
851 2088 966 2146 homiui
989 2088 1159 2145 Christiano
1188 2104 1257 2145 esse
1285 2087 1479 2144 attribuenda

195 2177 325 2235 videtur.
341 2171 359 2254 ξ
372 2175 411 2233 10
435 2177 539 2233 autem
554 2175 637 2234 illius
655 2178 810 2234 auctorem
825 2176 923 2235 fuisse
934 2177 1072 2234 Servium
1088 2193 1206 2236 censeo.
1230 2175 1376 2235 conferas
1388 2175 1478 2233 veIIm

286 2264 425 2322 Servium
448 2264 487 2322 ad
511 2265 585 2334 Aen.
601 2265 623 2333 I,
639 2265 719 2323 382:
864 2266 1013 2324 Isidorum
1037 2265 1113 2339 OrIg.
1125 2265 1200 2333 VHl,
1215 2267 1244 2333 7,
1261 2264 1315 2323 10:
1339 2264 1479 2322 Officium

192 2352 302 2411 ‘Matre
324 2354 388 2412 Dea
414 2353 605 2414 Monstrente
628 2353 726 2411 Viam'
751 2355 809 2412 hoc
865 2357 967 2413 autern
998 2357 1108 2431 poetae
1140 2355 1171 2411 in
1202 2371 1238 2412 eo
1270 2357 1332 2422 est,
1365 2355 1401 2410 ut
1432 2372 1477 2420 ea.

196 2443 264 2502 loco
279 2459 332 2518 per
347 2443 510 2500 transitum
525 2443 627 2516 tangit
638 2443 806 2510 historiam,
865 2461 945 2520 quae
979 2461 1050 2503 vere
1084 2446 1173 2518 gesta
1195 2446 1295 2511 sunt,
1334 2443 1366 2500 in
1401 2441 1478 2500 alias

196 2549 288 2607 quam
301 2549 354 2605 per
364 2531 459 2606 legem
472 2531 548 2589 artis
558 2531 696 2606 poeticae
705 2535 810 2607 aperte
865 2533 983 2608 species
1005 2533 1137 2608 obliquis
1151 2532 1388 2606 figurationibus
1412 2549 1478 2589 cum

196 2638 258 2679 non
282 2621 386 2694 potest
405 2636 516 2694 ponere
532 2665 538 2678 .
556 2664 562 2678 .
579 2665 586 2678 .
603 2621 684 2694 quod
708 2624 810 2678 autem
865 2622 974 2680 decore
998 2621 1101 2696 aliquo
1126 2637 1274 2679 conversa
1289 2621 1478 2678 transducat.

196 2710 328 2768 diximus
352 2727 421 2766 eum
441 2709 563 2784 poetica
578 2713 644 2766 arte
660 2710 811 2784 prohiberi
865 2711 950 2767 Unde
974 2713 1004 2768 et
1027 2710 1168 2768 Lucanus
1198 2710 1266 2768 idco
1296 2710 1329 2767 in
1355 2726 1478 2766 numero

196 2817 234 2856 ne
258 2800 361 2872 aperte
385 2800 480 2873 ponat
502 2799 670 2866 historiam,
697 2801 810 2856 certum
866 2802 1024 2874 poetarum
1040 2817 1101 2858 non
1117 2799 1248 2875 ponItur‚
1272 2799 1344 2873 quia
1359 2798 1478 2856 videtur

197 2890 253 2946 est.
265 2887 406 2944 Lucanus
419 2904 550 2963 namque
562 2887 630 2945 ideo
640 2886 671 2944 in
687 2904 810 2944 numero
866 2888 1011 2947 historias
1025 2888 1244 2963 composuisse,
1263 2905 1324 2945 non
1336 2882 1477 2961 poema.⁴)

196 2978 355 3052 poetarum
387 2992 455 3033 esse
485 2993 546 3034 non
581 2976 703 3043 meruit,
739 2974 816 3051 quia'

195 3065 316 3124 videtur
330 3064 490 3122 historiam
506 3065 725 3140 composuisse,
751 3083 812 3124 non

195 3171 312 3228 poema.

195 3242 357 3316 Permagni
381 3244 482 3299 autem
506 3246 613 3300 nostra
634 3243 762 3301 interest
784 3243 815 3300 in
831 3244 889 3302 hac
905 3245 1096 3320 paragrapho
1114 3244 1211 3301 Servii
1227 3243 1395 3300 doctrinam
1411 3259 1478 3300 esse
1576 3229 1577 3242 ¹

195 3331 346 3405 prolatam
370 3331 409 3388 ab
425 3331 550 3399 Isidore,
576 3331 649 3406 quia
670 3332 701 3388 iu
725 3333 778 3400 eis
804 3351 882 3407 quae
899 3337 1052 3402 secuntur,
1072 3333 1208 3390 Servium
1225 3333 1294 3390 ess'e
1310 3331 1478 3390 adhibitum

196 3437 291 3496 supra
315 3420 602 3478 demonstravimus

303 3509 451 3566 isidorum
483 3512 585 3566 autem
617 3509 655 3566 ad
683 3511 809 3568 verbum
833 3511 995 3585 exscripsit
1018 3510 1140 3586 Papiae,
1166 3511 1217 3585 qui
1241 3527 1320 3568 saec.
1344 3509 1397 3568 XL
1418 3508 1478 3567 ele-

304 3704 323 3783 1)
343 3715 380 3798 ei,
400 3685 524 3769 ‘Marium
542 3715 719 3772 Victorinum
738 3718 769 3772 G.
781 3719 811 3772 L.
826 3718 862 3771 Vl
881 3734 906 3788 p.
920 3717 1005 3796 58,2:
1037 3734 1241 3790 cquaecumque
1269 3717 1325 3772 alio
1354 3716 1480 3787 quolibet

195 3789 285 3841 metro
305 3788 411 3855 scripta
437 3788 588 3868 sequentes
613 3788 753 3842 clausulas
772 3789 960 3859 quorumlibet
986 3795 1140 3844 metrorum
1166 3791 1203 3842 ad
1228 3805 1260 3843 se
1285 3786 1412 3853 trahunt,
1439 3787 1479 3840 ita

197 3857 669 4001 alrerrqucqqaqqgnqogdgq
687 3861 815 3986 ltili?
833 3856 1362 4001 iltuitdrittenteil...
1382 3945 1478 3984 aaa

196 3999 294 4055 Lucilii
313 3999 483 4069 sumpsisse.
646 4018 649 4023 ·
1576 3999 1577 4016 ³

303 4072 326 4139 ⁸)
346 4071 510 4126 Wessnerus
519 4072 548 4125 in
558 4088 592 4126 oo
605 4073 708 4138 libello,
719 4073 767 4145 qui
775 4072 947 4129 inscribitur:
966 4073 1225 4145 Jlntersuchungen
1235 4071 1478 4128 zurlateinischen
1576 4117 1577 4134 ,

196 4141 470 4198 ScholienIItteratur
489 4143 899 4215 (adBremae'portum1899)’
917 4163 944 4216 p.
959 4145 1054 4200 1-16.
1062 4161 1111 4211 ea,
1131 4161 1202 4215 quae
1221 4145 1304 4200 docet
1321 4143 1479 4199 Euanthius
1576 4187 1577 4200 2

196 4214 232 4268 de
249 4212 349 4272 fabula
367 4215 397 4268 et
415 4230 487 4284 quae
506 4213 535 4268 in
554 4217 693 4286 excerptis
711 4216 746 4270 de
765 4216 913 4271 comoedia
930 4216 959 4270 in
973 4216 1097 4272 'I'erentii
1114 4216 1191 4271 libris
1205 4215 1404 4286 manuscriptis
1421 4218 1478 4268 tra·
1576 4233 1577 4240 ¹

196 4284 264 4340 ditis
281 4285 469 4352 inveniuntur,
481 4302 525 4340 ex
544 4287 644 4341 eodem
667 4286 749 4342 fonte
772 4287 890 4342 fluxisse
915 4290 1002 4372 atque
1021 4288 1165 4344 Diomedis
1190 4287 1346 4343 doctrinam
1364 4287 1478 4341 demon·
1576 4299 1577 4318 ¹

196 4357 306 4420 strant.
349 4357 391 4411 lix
415 4357 457 4420 eis
482 4361 592 4424 autem,
619 4375 691 4430 quae
715 4376 799 4430 supra
824 4376 1018 4430 exposuimus,
1049 4360 1178 4434 sequitur
1199 4375 1377 4415 communem
1400 4357 1479 4412 illum
1576 4403 1577 4414 .

196 4429 341 4484 auctorem
359 4428 447 4484 fuisse
467 4429 641 4485 Suetonium.
1405 4451 1408 4454 ·

287 4500 323 4570 ’4)
343 4501 379 4556 ol.
398 4501 577 4568 Teuliehum,
597 4503 663 4558 hist.
683 4501 737 4558 litt.
756 4503 857 4558 Rom.⁵
875 4491 966 4574 5303,
987 4503 1004 4558 5
1022 4504 1088 4574 (vol.
1101 4504 1134 4558 II.
1154 4520 1180 4574 p.
1193 4502 1264 4574 Γ139).
