3190 4944
659 273 882 331 ..39-

126 450 294 510 exstitisse.
340 449 444 526 Neque
469 453 548 508 enim
572 451 789 525 neglegendum
814 452 916 509 estin
938 453 1072 510 tractatu
1097 452 1187 510 (loisl.
1212 455 1356 528 excerpta
1378 471 1415 511 ex

127 540 273 615 ampliore
297 539 372 597 libro
397 540 538 599 confecta
561 543 693 598 aetatem
715 541 833 598 tulisse.

234 629 279 686 Ex
303 629 347 686 eis
373 631 477 687 autem
501 629 619 688 ridiculi
636 629 806 702 generibus,
832 647 911 704 quae
926 631 1017 688 rebus
1034 630 1180 698 nituntur,
1205 630 1328 703 dignum
1345 647 1414 688 esse

126 716 199 775 mihi
230 718 363 786 videtur,
398 719 479 793 quod
512 721 688 787 tractemus,
722 717 796 776 illud
827 716 863 778 ἐκ
893 721 949 779 τοῦ
979 715 1067 797 παρὰ
1098 717 1302 798 προσδοκίαν.
1355 720 1414 777 Sed

125 807 305 882 priusquam
328 807 386 864 hac
410 807 446 865 de
469 825 500 864 re
516 807 661 865 iudicium
677 807 805 881 profero,
832 809 1039 866 demonstrare
1056 825 1134 882 opus
1151 810 1208 877 est,
1233 825 1313 884 quae
1333 810 1413 874 ratio

125 897 204 954 inter
236 896 379 953 Demetrii
414 895 571 971 personati
601 893 673 975 περὶ
704 895 870 976 ἑρμηνείας
900 895 1034 955 libellum
1067 899 1098 956 et
1126 899 1291 955 tractatum
1322 897 1413 956 Goisl.

124 985 300 1058 intercedat.
347 985 415 1055 Qua
437 985 468 1042 in
491 1003 522 1042 re
547 1003 732 1061 quamquam
756 1003 817 1044 non
841 986 931 1060 plane
955 1003 1022 1044 cum
1047 1004 1082 1044 eo
1115 987 1281 1053 consentio,
1314 987 1412 1044 maxi-

124 1089 205 1132 mam
229 1079 347 1148 partem
371 1091 484 1149 sequor
506 1075 673 1133 Arndtium.
719 1076 764 1132 Ac
787 1075 914 1149 primum
938 1075 1058 1150 quidem
1081 1075 1306 1149 bipertitionem
1329 1075 1412 1132 illam

125 1159 190 1222 ἀπὸ
213 1166 269 1241 τῆς
292 1159 408 1232 λέξεως
428 1197 466 1204 -
484 1161 600 1223 ἐκτῶν
623 1161 821 1242 πραγμάτων
843 1165 1013 1222 invenimus
1038 1165 1121 1238 apud
1135 1165 1320 1222 Demetrium
1343 1182 1412 1239 per-

124 1255 270 1310 sonatum
294 1248 313 1331 ξ
334 1252 409 1310 136:
438 1247 520 1331 ἦσαν
544 1249 579 1312 δὲ
602 1251 677 1332 ἡμῖν
700 1251 734 1312 αἱ
754 1250 814 1332 μὲν
837 1250 871 1313 έν
893 1257 931 1332 τῇ
954 1250 1033 1322 λέξει
1056 1251 1089 1312 at
1112 1250 1147 1313 δὲ
1170 1251 1204 1313 έν
1222 1256 1287 1320 τοῖς
1309 1253 1412 1332 πράγ·

123 1338 259 1419 μσσινέ)
307 1341 380 1399 Dum
411 1341 463 1398 illo
496 1338 673 1420 ἀδολεσχία,
705 1343 786 1416 quod
811 1342 962 1415 protertur
984 1343 1015 1398 in
1044 1344 1179 1400 tractatu
1202 1340 1301 1417 (loisl,
1339 1360 1411 1400 con-

123 1430 250 1487 ferenda
273 1433 346 1487 sunt
375 1448 420 1498 ea,
454 1448 533 1506 quae
564 1431 646 1506 apud
669 1431 970 1489 Pseudodemetrium
1003 1431 1118 1505 scripta
1149 1434 1272 1489 exstant
1294 1427 1314 1510 ξ
1334 1431 1411 1490 125:

123 1508 222 1579 Πᾶσα
237 1515 297 1598 μέν
313 1514 372 1580 οὖν
387 1516 549 1599 ὑπερβολὴ
567 1516 723 1586 ἀδύνατός
740 1517 821 1580 ἐστιν
842 1517 927 1591 (οὔτε
951 1516 1010 1598 γάρ
1035 1519 1074 1579 ἀν
1097 1517 1204 1600 χιόνος
1226 1517 1412 1598 λευκότερον

124 1607 255 1688 γένοιτο,
285 1605 351 1668 οὔτ’
375 1607 415 1668 ἀν
438 1606 549 1688 ἀνέμῳ
569 1606 658 1669 δέειν
681 1606 819 1689 ὅμοιον),
851 1607 932 1689 αὕτη
958 1607 1064 1687 μέντοι
1093 1607 1111 1688 ἡ
1141 1608 1225 1688 τρίτη
1250 1606 1410 1689 ὑπερβολὴ

123 1695 274 1776 εἰρημένη
307 1695 476 1776 ἐξαιρέτως
504 1693 692 1778 ὀνομάζεται
715 1695 872 1764 ἀδύνατος
888 1712 894 1725 ·
912 1695 961 1758 διδ
991 1695 1030 1777 δὴ
1059 1696 1112 1758 καὶ
1139 1695 1272 1778 μάλιστα
1300 1695 1412 1777 ψυχρά

124 1783 218 1846 δοκεῖ
236 1788 323 1845 πᾶσα
346 1784 518 1866 ὑπερβολή,
544 1784 620 1847 διότι
643 1784 792 1866 ἀδυνάτῳ
816 1787 925 1848 ἔοικεν.
973 1788 1055 1857 Quae
1078 1789 1173 1846 verba
1200 1806 1268 1846 mea
1292 1788 1412 1863 quidem

124 1876 278 1934 sententia
301 1879 461 1954 propterea
485 1877 638 1951 quadrant
661 1878 701 1934 ad
716 1877 817 1934 locum
840 1876 924 1934 illum
941 1879 1093 1934 tractatus
1111 1876 1210 1943 coisl,
1237 1877 1310 1952 quia
1330 1877 1411 1950 apud

124 1963 319 2022 Aristotelem
341 1965 374 2022 in
398 1968 462 2022 arte
486 1966 560 2023 rhet.
585 1965 635 2024 lib.
651 1964 698 2024 III.
716 1984 739 2024 c.
757 1967 787 2034 3,
812 1967 865 2023 ubi
888 1965 989 2038 agitur
1012 1966 1048 2022 de
1071 1966 1129 2023 hoc
1146 1967 1303 2040 proposito
1328 1963 1411 2023 1405

121 2053 219 2111 b34:
250 2049 288 2112 τὰ
317 2050 352 2113 δὲ
378 2050 491 2133 ψυχρὰ
516 2052 550 2114 ἐν
571 2053 708 2132 τέτταρσι
732 2053 865 2133 γίγνεται
887 2051 967 2113 κατὰ
990 2051 1047 2132 τὴν
1069 2052 1160 2124 λέξιν,
1185 2073 1212 2129 p.
1233 2054 1317 2112 1406
1334 2073 1353 2112 a
1372 2055 1412 2118 10

123 2160 190 2217 sqq.
215 2143 361 2216 scriptum
377 2143 518 2217 legimus:
541 2142 644 2222 τρίτον
667 2140 696 2203 δ’
713 2141 747 2204 έν
769 2147 833 2210 ταῖς
856 2140 1011 2210 ἐπιθέτοις
1025 2139 1061 2202 τὸ
1085 2143 1104 2222 ἢ
1127 2147 1265 2222 μακροῖς
1285 2143 1304 2222 ἢ
1321 2141 1411 2202 ‹inat-¹

123 2251 193 2310 ραις
216 2231 236 2309 ἢ
259 2234 392 2297 πυκνοῖς
415 2229 578 2311 χρῆσθαι·
596 2230 629 2292 έν
651 2230 711 2311 μὲν
734 2229 795 2312 γάρ
818 2231 941 2312 ποιήσει
960 2230 1071 2310 πρέπει
1092 2229 1171 2310 γάλα
1187 2229 1301 2292 λευκὸν
1317 2231 1412 2293 εἰπεῖν

122 2317 197 2390 κτλ,
221 2320 272 2380 lin.
296 2323 398 2378 autem
423 2321 464 2378 32
482 2339 548 2396 sqq.
571 2322 647 2379 haec
670 2322 867 2381 inveniuntur
890 2322 995 2379 verba:
1020 2318 1070 2381 διὸ
1085 2324 1257 2400 ποιητικῶς
1271 2319 1412 2400 λέγοντες

121 2413 161 2489 τῇ
186 2406 339 2488 ἀπρεπείᾳ
362 2406 398 2470 τό
422 2407 543 2488 γελοῖον
565 2407 619 2469 καὶ
641 2407 677 2470 τὸ
699 2407 829 2490 ψυχρὸν
852 2409 1032 2488 ἐμποιοῦσι,
1060 2407 1114 2470 καὶ
1140 2407 1176 2470 τὸ
1200 2408 1322 2489 ἀσαφὲς
1350 2407 1410 2470 διὰ

121 2495 190 2577 τὴν
215 2495 450 2577 ἀδολεσχίαν.
458 2497 480 2576 ⁶²)
519 2500 584 2558 Ηοσ
600 2499 694 2574 igitur
706 2501 774 2558 loco
791 2501 983 2558 Demetriano
1000 2501 1148 2557 habemus
1172 2500 1357 2575 hyperbolen
1380 2500 1412 2556 in

122 2587 226 2645 verbis
250 2588 392 2661 positam,
419 2589 449 2644 in
473 2590 564 2646 rebus
588 2590 722 2663 positam
745 2589 872 2663 legimus
897 2585 1014 2668 §126:
1039 2585 1098 2649 Διά
1120 2591 1213 2648 τοῦτο
1230 2586 1265 2648 δὲ
1279 2586 1411 2667 μάλιστα

122 2673 177 2736 καὶ
201 2674 233 2736 αῖ
254 2674 487 2756 κωμῳδοποιοὶ
510 2680 648 2756 χρῶνται
671 2676 763 2757 αὐτῇ,
789 2675 834 2738 ὅτι
858 2676 893 2737 ε’νι
916 2681 972 2737 τοῦ
996 2675 1154 2738 ἀδυνάτου
1179 2675 1361 2756 ἐφέλκονται
1375 2673 1412 2737 τὸ

123 2763 266 2844 γελοῖον.
283 2763 389 2844 ὥςπερ
413 2764 463 2826 ἐπὶ
485 2769 550 2826 τῶν
565 2763 706 2846 Περσῶν
728 2771 784 2846 τῆς
800 2763 969 2846 ἀπληστίας
984 2763 1261 2846 δπερβαλλόμενός
1280 2789 1325 2833 τις
1340 2765 1412 2845 ἔφη,

122 2852 170 2914 ὅτι
197 2851 290 2914 πεδία
318 2853 463 2934 ἐξέχεζον
494 2853 551 2914 ὅλα
580 2853 633 2916 καὶ
661 2854 707 2916 ὅτι
733 2855 813 2936 βοῦς
849 2854 882 2916 ἐν
909 2859 975 2922 ταῖς
1003 2852 1134 2934 γνάθοις
1165 2855 1295 2934 ἔφερον,
1333 2873 1412 2930 quae

122 2945 219 3003 verba
241 2945 427 3019 respondent
450 2945 493 3002 illi
517 2942 624 3005 ἕκτου
649 2943 808 3006 ἀδυνάτου
832 2947 861 3002 in
885 2948 1020 3003 tractatu
1044 2945 1133 3004 Coisl.
1157 2941 1310 3023 tradito.⁸)
1353 2945 1412 3002 Sed

124 3051 205 3107 quae
230 3033 311 3106 apud
335 3033 637 3092 Pseudodemetrium
660 3035 729 3092 inde
753 3053 773 3092 a
796 3031 814 3113 ξ
834 3035 895 3091 142
922 3052 1019 3109 usque
1043 3034 1081 3092 ad
1107 3031 1207 3113 §145
1233 3051 1411 3092 enumeran-

122 3123 183 3200 tur,
208 3121 364 3179 referenda
387 3141 456 3180 esse
480 3124 520 3180 ad
544 3123 699 3197 exallages
724 3125 839 3198 species
863 3124 894 3181 in
917 3126 1050 3182 tractatu
1076 3124 1164 3182 Ooisl.
1193 3124 1323 3181 traditas
1347 3125 1412 3180 iure

122 3211 197 3268 dicit
220 3212 368 3268 Arndtius
391 3212 409 3271 l.
427 3230 450 3270 ε.
468 3213 535 3286 s'p.
556 3213 603 3270 18.
636 3209 679 3270 Αἱ
702 3209 736 3272 δὲ
760 3209 824 3271 ἀπὸ
847 3215 912 3272 τῶν
935 3211 1109 3291 σχημάτων
1136 3212 1258 3292 χάριτες
1282 3230 1413 3270 comme-

122 3302 282 3357 morantur
305 3301 386 3375 apud
402 3301 585 3358 Demetrium
610 3305 806 3376 personatum
822 3298 840 3380 ξ
860 3301 931 3370 140,
956 3303 988 3358 in
1004 3304 1138 3360 tractatu
1155 3302 1243 3359 Coisl.
1259 3302 1412 3360 invenitur

122 3391 231 3467 σχῆμα
260 3385 384 3457 λέξεως.
392 3386 416 3466 4)
462 3391 506 3447 De
530 3392 561 3447 vi
586 3393 685 3448 autem
710 3391 796 3448 vocis
821 3393 927 3469 σχῆμα
951 3387 1068 3459 λέξεως
1083 3393 1203 3448 minime
1220 3391 1414 3448 consentiunt

121 3478 181 3535 viri
214 3477 314 3539 docti.
339 3479 520 3536 Aristoteles
556 3480 634 3536 enim
667 3479 750 3536 illam
783 3479 895 3553 duplici
926 3481 1043 3538 ratione
1074 3482 1212 3554 usurpat.
1268 3480 1411 3537 Conferas

122 3565 214 3623 velim
246 3569 301 3624 art.
333 3569 413 3642 poet.
447 3587 469 3626 c.
497 3569 536 3626 19
569 3587 596 3643 p.
616 3568 701 3626 1456
726 3569 790 3636 b9,
822 3569 908 3642 soph.
941 3561 1052 3627 elench.
1077 3586 1104 3643 p.
1132 3569 1193 3627 166
1218 3570 1304 3628 blo.
1356 3568 1411 3638 Qui

122 3655 183 3713 looi
208 3672 312 3713 omnes
337 3659 479 3730 spectant
512 3657 551 3714 ad
582 3674 643 3715 rem
674 3658 911 3731 grammaticam.
958 3658 1146 3732 Bernaysius
1175 3660 1276 3715 autem
1308 3661 1412 3714 censet

123 3743 141 3802 l.
159 3761 183 3804 s.
201 3761 225 3802 s.
250 3762 277 3818 p.
296 3743 359 3803 589
389 3734 549 3804 verborum
577 3746 683 3804 formis
711 3747 918 3820 grammaticis
947 3747 1028 3804 effici
1054 3747 1229 3804 Aristotelis
1259 3746 1412 3804 sententia

122 3833 292 3891 ridiculum.
331 3833 427 3891 Aliter
450 3835 509 3892 hac
533 3834 568 3892 de
592 3853 623 3893 re
655 3836 771 3893 iudicat
793 3836 938 3893 Arndtius
971 3836 989 3893 l.
1011 3853 1034 3893 s.
1052 3854 1076 3894 s.
1100 3855 1128 3910 p.
1149 3837 1197 3894 12.
1230 3835 1410 3893 Aristoteles

123 3923 203 3979 enim
228 3926 334 4001 σχῆμα
358 3919 475 3992 λέξεως
499 3923 558 3980 alio
586 3941 707 4000 quoque
736 3943 830 3982 sensu
861 3927 998 3998 usurpat.
1045 3925 1197 4001 Scriptum
1229 3925 1305 3981 enim
1337 3923 1411 3996 legi-

123 4028 191 4068 mus
226 4011 257 4068 in
289 4015 353 4069 arte
389 4012 463 4071 rhet.
499 4012 532 4069 ΙΙ.
565 4032 588 4071 c.
610 4014 652 4070 24
684 4033 711 4088 p.
741 4013 822 4071 1401
859 4032 879 4072 a
905 4014 918 4070 1
959 4031 1038 4088 sqq.:
1074 4011 1164 4074 τόποι
1196 4011 1224 4072 δ’
1257 4009 1314 4072 εἰσὶ
1346 4015 1411 4072 τῶν

234 4201 252 4270 ¹)
273 4202 310 4256 cf.
331 4201 479 4256 Arndtium
499 4202 515 4255 l.
536 4219 557 4257 e.
577 4219 598 4256 s.
617 4219 643 4273 p.
665 4205 699 4257 17
717 4219 758 4274 sq.

230 4273 251 4342 ί)
272 4273 309 4329 cf.
328 4273 512 4343 Bernaysium
531 4275 548 4328 l.
569 4291 591 4328 s,
610 4291 632 4328 s.
652 4290 678 4344 p.
692 4275 753 4339 587,
779 4275 927 4329 Arndtium
946 4275 1005 4345 p.6
1024 4277 1053 4328 et
1072 4275 1118 4339 10,
1145 4275 1278 4346 anonymi
1303 4275 1332 4328 in
1357 4281 1408 4330 art.

121 4343 193 4398 rhet.
214 4347 364 4398 comment.
385 4345 440 4400 vol.
459 4345 530 4402 XXI.
550 4345 567 4398 2
585 4363 611 4416 p.
624 4346 682 4410 175,
704 4345 737 4398 14
756 4363 816 4417 sqq.

230 4416 248 4483 ³)
268 4415 304 4468 cf.
324 4416 510 4487 Bernaysium
529 4417 545 4470 l.
560 4433 581 4471 s.
596 4434 617 4470 s.
638 4434 663 4486 p.
677 4417 738 4481 592,
758 4417 908 4471 Arndtium
927 4435 952 4488 p.
968 4416 1001 4470 14
1020 4419 1051 4471 et
1070 4417 1111 4471 10.
1150 4417 1279 4471 Ceterum
1297 4416 1409 4470 ¹similia

121 4487 209 4540 verba
227 4485 408 4542 inveniuntur
427 4488 502 4558 apud
521 4489 696 4542 Demetrium
714 4496 896 4559 personatum
916 4487 934 4558 ξ
950 4485 1008 4542 161.

229 4556 251 4627 ¹¹)
271 4559 306 4611 cl.
326 4558 475 4613 Arndtium
494 4576 521 4630 p.
538 4561 578 4614 18.
