3190 4944
836 241 876 298 92
925 275 965 281 ..

218 419 334 477 tionum
352 411 432 486 sunt,
451 435 530 492 quos
547 419 740 476 characteres
758 418 863 476 Graeci
880 422 1008 476 vocant:
1032 420 1142 487 tenuis,
1161 419 1346 486 moderatus,
1365 419 1497 487 validus,

219 507 358 565 credibile
383 508 439 565 erit
453 507 625 582 Vergilium,
652 508 704 582 qui
729 509 810 565 omni
833 525 940 581 genere
961 507 1105 565 scientiae
1130 508 1327 582 praevaleret,
1354 509 1500 567 Bucolica

219 596 257 654 ad
279 597 408 670 primurn
424 597 555 664 modum,
582 597 730 670 Georgica
753 597 791 653 ad
809 598 984 663 secundnm,
1010 597 1145 654 Aeneida
1161 598 1199 654 ad
1216 597 1337 654 tertium
1361 598 1499 656 voluisse

219 685 371 754 conferre.³
418 686 451 742 ln
476 686 573 744 altera
597 689 696 742 autem
722 684 843 760 Vergilii
867 687 939 753 vita,
976 704 1054 760 quae
1078 688 1147 761 ipsa
1171 703 1291 761 quoque
1316 686 1355 743 ad
1379 686 1498 744 Iunium

218 774 436 850 Philargyrium
461 779 509 832 est
531 775 695 840 referenda,
722 775 796 832 haec
820 777 951 832 aetatem
975 775 1109 832 tulerunt
1133 793 1161 850 p.
1179 777 1212 833 6:
1242 774 1361 851 ⁸Modus
1386 776 1497 838 tenuis,

218 864 406 930 moderatus,
440 864 649 938 praevalidus:
681 865 781 921 tenuis
813 865 843 921 in
869 863 1036 928 Bucolicis,
1070 866 1245 922 moderatus
1276 865 1308 920 in
1333 865 1498 938 Georgicis

218 953 411 1028 praevalidus
443 953 474 1010 in
504 953 589 1010 libris
612 952 755 1019 Aeneae‚’
787 940 949 1010 admodum
981 954 1112 1010 breviter
1142 953 1206 1028 p.2
1236 954 1324 1010 dicit:
1358 953 1498 1029 ςΗαιαίλο,

218 1042 361 1110 medium,
399 1041 561 1116 magnum?
614 1041 731 1098 Similia
761 1045 863 1099 autem
894 1043 923 1099 in
956 1043 1077 1116 Vergilii
1112 1043 1178 1099 vite
1212 1043 1248 1099 de
1284 1043 1500 1100 commentario

218 1131 331 1188 Donati
366 1131 491 1188 sublata
528 1131 620 1206 (apud
651 1130 819 1204 Hagenium
849 1132 879 1188 in
912 1131 1005 1189 schol.
1037 1132 1123 1188 Bern.
1155 1132 1193 1188 ad
1217 1131 1304 1204 Verg.
1332 1131 1438 1189 Bucol.
1471 1135 1501 1187 et

219 1219 325 1295 Georg.
350 1239 378 1295 p.
395 1217 471 1296 742)
503 1221 710 1277 inveniuntur:
743 1221 864 1296 tRestat
887 1223 929 1286 ut,
964 1238 1042 1295 quae
1074 1238 1172 1278 causa
1202 1219 1414 1279 ‘voluntatem’
1445 1220 1500 1276 ad-

218 1308 327 1366 tulerit*
344 1311 454 1383 poetae
478 1308 622 1366 Bucolica
645 1309 838 1384 potissimum
871 1310 1080 1367 conscribendi
1108 1308 1300 1367 considerare
1324 1310 1500 1367 debeamus,

218 1399 281 1456 Aut
311 1398 390 1455 enim
422 1397 577 1456 dulcedine
609 1398 749 1455 carminis
773 1399 940 1456 Theocritei
973 1400 1011 1455 ad
1043 1399 1242 1456 imitationem
1274 1399 1340 1456 eius
1367 1398 1500 1456 inlectus

219 1490 274 1556 est,
308 1489 364 1544 aut
394 1486 527 1543 ordinem
559 1490 728 1561 temporum
752 1491 876 1545 secutus
909 1490 957 1544 est
980 1488 1060 1544 circa
1082 1488 1178 1544 vitam
1211 1489 1383 1555 humanam,
1417 1488 1499 1562 quod

219 1594 313 1651 supra
337 1576 477 1641 diximus,
503 1580 559 1633 ant
581 1594 649 1632 cum
672 1579 734 1634 tres
759 1577 840 1633 modi
864 1577 924 1632 sint
950 1575 1164 1645 elocutionum,
1194 1593 1272 1652 quos
1297 1579 1501 1656 χαρακτῆρας

219 1665 326 1722 Graeci
356 1668 483 1724 vocant.
517 1663 622 1744 ἰσχνός
653 1666 705 1740 qui
734 1666 849 1731 tenuis,
882 1663 982 1744 μέσος.
1011 1666 1064 1739 qui
1094 1667 1282 1729 moderatus,
1316 1662 1417 1743 ἁδρός
1449 1665 1500 1740 qui

218 1753 340 1811 validus
364 1752 555 1827 intellegitur,
588 1753 728 1811 credibile
760 1754 817 1812 erit
839 1754 1002 1826 Vergilium
1034 1755 1139 1828 quiin
1171 1755 1252 1813 omni
1278 1771 1386 1828 genere
1410 1771 1499 1829 prae-

218 1843 335 1900 valeret
351 1843 495 1901 Bucolica
510 1844 549 1900 ad
566 1844 692 1918 primum
711 1838 862 1922 [moduml
888 1843 1037 1918 Georgica
1053 1845 1091 1901 ad
1109 1841 1312 1918 secundum,¹)
1336 1843 1498 1900 Aeneidem

219 1932 258 1988 ad
292 1931 413 1988 tertium
444 1930 581 1990 voluisse
613 1931 767 1990 conferre.³
815 1933 930 2002 Quibus
962 1932 1039 1990 locis
1072 1933 1174 1990 allatis
1206 1935 1334 2008 apparet
1364 1933 1424 1989 tria
1448 1932 1500 1988 illa

218 2037 328 2094 genera
344 2017 459 2098 ἰσχνόν,
484 2018 592 2098 ἁδρόν,
614 2019 722 2100 μέσον,
748 2039 827 2096 quae
843 2023 874 2078 in
891 2023 1039 2080 anecdoto
1056 2022 1259 2089 inveniuntur,
1286 2022 1368 2095 apud
1386 2021 1498 2078 scholi-

219 2112 306 2167 astes
330 2110 369 2166 ad
386 2109 507 2183 Vergilii
531 2110 670 2168 bucolica
693 2111 807 2186 scripta
823 2114 952 2171 exstare,
992 2111 1098 2185 ltaque
1114 2114 1212 2168 totam
1228 2111 1306 2168 hanc
1330 2110 1498 2166 doctrinam

219 2216 378 2256 emanasse
394 2199 532 2256 concludi
555 2217 647 2273 posse
671 2200 772 2256 iudico
797 2218 834 2256 ex
858 2201 1071 2258 commentario
1096 2200 1135 2256 ad
1154 2200 1346 2257 Theocritum
1370 2199 1497 2266 Graeco,

218 2289 271 2345 ubi
294 2287 368 2344 nihil
398 2288 609 2346 inveniebatur
640 2289 676 2345 de
707 2288 816 2346 florido
849 2289 965 2346 dicendi
996 2306 1111 2362 genere.
1157 2288 1190 2345 ln
1214 2288 1363 2346 Theocriti
1397 2291 1498 2344 autem

219 2376 439 2451 prolegomenis
456 2377 555 2434 adhuc
571 2377 683 2452 publici
699 2378 774 2436 iuris
790 2378 882 2435 iactis
897 2381 964 2435 tota
984 2379 1058 2434 haec
1074 2396 1147 2452 pars
1163 2377 1322 2435 intercidit.
1363 2377 1499 2451 Vestigia

219 2469 321 2523 autem
352 2466 492 2524 videntur
526 2469 646 2525 exstare
677 2467 708 2523 in
743 2468 826 2524 hisce
856 2467 957 2524 verbis
989 2465 1027 2543 (p.
1053 2468 1071 2523 3
1097 2467 1224 2539 Ziegler,
1257 2484 1284 2539 p.
1310 2465 1329 2523 8
1354 2465 1497 2541 Ahrensl:

219 2553 393 2633 ἐκπέφευγε
417 2551 452 2614 δὲ
475 2551 510 2614 τὸ
534 2553 614 2634 ἄγαν
637 2553 737 2634 ἁδρὸν
760 2553 813 2615 καὶ
836 2553 1016 2634 ὑπέρογκον
1038 2559 1092 2634 τῆς
1114 2554 1282 2633 ποιήσεως,
1307 2573 1386 2630 quae
1407 2556 1498 2612 verba

219 2645 250 2700 in
274 2645 422 2702 anecdoto
454 2645 498 2702 eis
522 2645 599 2718 ipsis
623 2646 816 2718 praecedunt,
849 2663 928 2720 qnae
960 2647 1031 2702 sunt
1059 2645 1095 2702 de
1126 2647 1244 2702 ratione
1268 2644 1393 2701 dicendi.
1442 2644 1497 2700 Sed

220 2734 332 2791 Donati
364 2734 502 2790 doctrina
524 2733 616 2790 fluxit
646 2735 675 2790 in
699 2733 890 2792 Glossarium
917 2733 1002 2808 Gorp.
1028 2734 1128 2792 Gloss.
1152 2735 1216 2791 Lat.
1241 2733 1300 2790 vol.
1319 2733 1353 2800 V,
1378 2751 1406 2808 p.
1428 2732 1495 2799 175,

224 2823 275 2879 13:
308 2822 509 2898 ‘characteres
541 2822 622 2880 modi
653 2823 873 2880 elocutionum:
906 2823 978 2880 dicit
1008 2840 1076 2880 esse
1101 2823 1248 2889 Donatus,
1283 2839 1360 2897 quos
1393 2821 1497 2878 Graeci

219 2914 422 2989 χαρακτῆρας
452 2914 578 2974 vocant,
616 2912 719 2969 scinos
749 2907 890 2990 (ἰσχνός),
922 2913 974 2986 qui
1005 2912 1120 2978 tenuis,
1153 2912 1249 2969 melos
1282 2907 1415 2990 (μέσος),
1449 2910 1498 2986 qui

219 3000 405 3067 moderatus,
432 3000 523 3057 adros
549 2997 683 3078 (ἁδρός),
709 3001 761 3074 qui
785 3000 907 3058 validus
931 2998 1164 3076 intellegitur.’2)
1203 3000 1397 3071 Quinetiam
1421 2998 1497 3056 Gon-

220 3086 374 3145 stantinus
402 3089 553 3156 Lascaris,
587 3090 622 3145 de
654 3106 714 3163 quo
747 3107 841 3163 supra
872 3090 997 3161 egimus,
1030 3089 1243 3164 prolegomena
1275 3089 1313 3146 ad
1336 3088 1497 3163 Vergilium

220 3177 393 3251 conscripta
423 3177 454 3233 in
477 3194 567 3234 usum
599 3195 689 3235 suum
713 3179 899 3236 convertisse
928 3179 1000 3236 mihi
1023 3179 1150 3236 videtur.
1197 3179 1277 3236 Dicit
1308 3178 1385 3235 enim
1419 3177 1497 3253 apud

219 3265 369 3340 Migneum
393 3265 501 3340 patrol.
527 3266 574 3322 Gr.
599 3265 659 3323 vol.
687 3266 757 3333 161,
777 3267 856 3325 953:
881 3264 1046 3346 Διαιρεῖται
1071 3264 1105 3327 δὲ
1128 3263 1325 3346 ὁποιητικὸς
1340 3264 1436 3344 λόγος
1458 3265 1498 3332 εἰς

218 3352 296 3432 τρία)
328 3352 370 3420 εἰς
394 3350 502 3432 ἁδρόν,
534 3353 634 3432 μέσον
656 3352 709 3413 καὶ
733 3353 847 3434 ἰσχνόν.
894 3353 958 3415 Καὶ
988 3359 1034 3434 τῷ
1064 3354 1124 3434 μὲν
1151 3353 1243 3435 ἁδρῷ
1274 3354 1448 3434 ἐχρήσαντο
1471 3353 1499 3414 oi

220 3439 357 3521 φυσικοὶ,
381 3439 443 3502 εἶτα
465 3441 496 3502 oi
517 3441 692 3521 ἡρωϊκοί,
718 3441 811 3522 δεινῷ
832 3443 896 3504 ὄντι
919 3443 972 3504 καὶ
994 3442 1051 3525 τὴν
1067 3444 1183 3524 φράσιν
1199 3443 1252 3505 καὶ
1274 3442 1330 3523 τὴν
1346 3441 1497 3504 ὑπόθεσιν

220 3530 253 3592 έν
275 3535 341 3599 ταῖς
362 3529 495 3610 πράξεσι
517 3534 581 3592 τῶν
605 3530 810 3612 ἡρώων·τῷ
834 3530 868 3592 δὲ
890 3532 981 3613 μέσῳ
1005 3534 1036 3594 οῖ
1056 3531 1093 3593 τὰ
1123 3530 1311 3613 γεωργικὰ
1340 3530 1395 3592 καὶ
1423 3530 1496 3592 ἄλλα

218 3625 344 3681 τοιαῦτα
378 3619 563 3699 ποιήσαντες
586 3635 593 3648 ·
616 3625 663 3700 τῷ
695 3620 729 3682 δὲ
764 3621 863 3701 ἰσχνῷ
894 3621 924 3682 οἱ
953 3621 990 3682 τὰ
1021 3618 1232 3702 βοοκολικὰ
1267 3619 1320 3681 καὶ
1355 3618 1496 3700 ἐρωτικά.

220 3707 381 3776 Πολλάκις
397 3707 431 3769 δέ
456 3708 487 3769 οῖ
508 3708 633 3789 ποιηταὶ
655 3709 709 3771 καὶ
730 3715 795 3778 τοῖς
817 3709 914 3790 τρισὶν
937 3710 1109 3791 ἐχρήσαντο
1129 3709 1209 3771 κατὰ
1232 3708 1269 3771 τὰ
1292 3707 1496 3789 ααρογόμενο

219 3796 378 3876 πρόσωπα
408 3796 463 3858 καὶ
489 3796 567 3878 ὕλην
589 3797 646 3878 τὴν
669 3798 763 3878 φύσιν
786 3804 850 3861 τῶν
881 3799 1067 3878 ἀνθρώπων
1089 3798 1290 3878 μιμούμενοι.
1336 3800 1496 3875 Praecipue

220 3888 298 3945 enim
315 3888 417 3945 verbis
433 3887 494 3945 illis
518 3886 661 3967 ἡρωϊκοί,
687 3888 853 3968 γεωργικά,
877 3886 1052 3968 βουκολικά
1077 3890 1276 3947 demonstrari
1292 3889 1365 3945 mihi
1380 3889 1497 3945 videtur

221 3976 300 4033 hanc
324 3976 491 4034 doctrinam
514 3977 675 4036 Lascarem
700 3999 715 4035 e
740 3979 865 4037 scholiis
897 3979 935 4035 ad
959 3977 1122 4052 Vergilium
1146 3977 1326 4052 conscriptis
1350 3976 1497 4034 hausisse.

327 4066 479 4123 Dividitur
504 4070 606 4125 autem
638 4067 756 4124 dicendi
783 4068 861 4124 ratio
893 4068 1008 4124 intres
1032 4071 1135 4141 partes
1160 4068 1242 4141 apud
1275 4066 1354 4124 alios
1378 4083 1496 4142 quoque

220 4157 371 4221 auctores,
398 4156 450 4230 qui
473 4155 510 4213 de
534 4161 599 4214 arte
623 4157 743 4232 poetica
767 4157 962 4230 scripserunt.
1003 4155 1105 4213 Veluti
1130 4157 1211 4230 apud
1236 4156 1445 4213 Philodemum
1469 4156 1495 4213 in

220 4243 306 4312 libro,
340 4245 391 4320 qui
413 4246 589 4303 inscribitur
620 4242 691 4323 περὶ
721 4242 918 4325 ποιημάτων,
953 4245 984 4302 in
1020 4246 1120 4304 annal.
1144 4244 1328 4302 Fleckeisen.
1354 4244 1495 4321 supplem.

219 4383 432 4396 ψ

328 4455 345 4521 ²)
366 4453 402 4509 ci.
422 4454 511 4508 schol.
531 4453 616 4536 Bern.⁸
631 4470 658 4524 p.
672 4453 764 4516 8428
783 4452 905 4522 Hagen:
926 4453 962 4525 tiu
982 4454 1125 4524 Georgicis
1143 4452 1266 4506 medium
1286 4451 1444 4537 eloquium.¹
1570 4507 1571 4524 ,

327 4525 347 4596 ⁹)
360 4525 501 4580 Nonnulla
511 4540 618 4580 correxi
627 4525 783 4579 secundum
793 4541 834 4590 ea,
849 4540 922 4596 quae
932 4525 1006 4595 apud
1016 4526 1160 4580 Donatum
1170 4524 1187 4577 l.
1196 4541 1217 4578 s.
1227 4541 1249 4579 e.
1262 4529 1368 4595 scripta
1377 4528 1497 4582 exstant.
1570 4525 1571 4543 ¹
