3190 4944
735 229 958 288 ...35-

203 411 283 466 recte
306 408 458 466 videbitur
481 407 636 483 appellari,
662 409 689 465 si
711 407 872 465 sufflata
893 408 1105 466 nominabitur.
1142 406 1219 465 Nam
1240 407 1285 465 ita
1299 410 1335 464 ut
1350 408 1487 483 corporis

203 497 315 555 bonam
338 497 546 554 habitudinem
568 501 670 555 tumor
692 497 829 556 imitatur
851 514 952 572 saepe,
977 498 1050 554 item
1072 496 1176 569 mavis
1200 497 1299 554 oratio
1324 513 1417 570 saepe
1440 496 1486 554 in-

204 586 309 661 peritis
332 585 453 644 videtur
476 603 521 654 ea,
547 602 626 660 quae
648 589 750 660 turget
774 589 805 644 et
826 585 937 644 inflate
959 589 1015 653 est,
1041 603 1108 644 cum
1129 587 1185 643 aut
1199 586 1289 643 novis
1306 587 1362 642 aut
1377 586 1487 660 priscis

204 675 304 734 verbis
328 677 383 732 aut
405 675 518 733 duriter
541 675 664 732 aliunde
686 675 846 734 translatis
866 677 922 732 aut
938 675 1138 749 gravioribus.
1165 692 1257 749 quam
1272 691 1321 732 res
1338 674 1487 748 postulat,

204 758 319 839 aliquid
343 763 470 823 dicitur’.
514 763 565 829 IV,
588 763 713 833 11,16:
747 764 814 840 ,Qui
841 764 872 832 in
895 757 1051 822 mediocre
1067 780 1164 836 genus
1187 763 1336 821 orationis
1359 763 1489 838 profecti

204 856 289 920 sunt,
323 853 350 910 si
381 853 536 927 peruenire
567 871 603 910 eo
633 870 694 911 non
723 855 903 928 potuerimt,
937 855 1072 910 errantes
1096 852 1277 927 perveniunt
1300 853 1339 909 ed
1363 851 1489 911 confinii

203 959 300 1018 genus
315 943 387 1000 eius.
397 943 534 1016 generis,
551 942 631 1016 quod
649 941 838 1017 appellamus
860 941 1115 1008 dissolutum,
1141 942 1223 1016 quod
1239 942 1368 998 estsine
1384 941 1489 999 nervis

203 1035 234 1090 ct
257 1031 405 1099 articulis,
429 1034 466 1088 ut
488 1031 546 1088 hoc
568 1031 658 1089 modo
683 1030 831 1106 appellem
851 1028 1029 1090 ‘fluctuans'
1053 1047 1089 1088 eo
1113 1030 1196 1105 quod
1218 1031 1351 1088 fluctuat
1373 1030 1435 1088 huc
1459 1032 1491 1087 et

202 1119 275 1178 illuc
311 1137 366 1178 nec
401 1122 505 1194 potest
536 1120 712 1177 confirmate
744 1136 842 1194 neque
875 1119 1000 1178 viriliter
1033 1137 1101 1178 sese
1134 1119 1281 1193 expedire.
1336 1119 1394 1189 Qui
1427 1136 1490 1177 non

204 1213 335 1284 possunt
367 1209 398 1265 in
426 1209 480 1266 illa
510 1208 701 1266 facetissima
730 1210 890 1267 verborum
927 1210 1138 1267 attenuatione
1172 1208 1328 1266 commode
1360 1208 1486 1275 versari,

204 1299 330 1356 veniunt
360 1298 399 1355 ad
423 1297 540 1355 aridum
565 1301 595 1354 et
618 1314 755 1370 exangue
779 1315 876 1370 genus
900 1298 1064 1366 orationis,
1094 1297 1176 1373 quod
1200 1314 1260 1355 non
1284 1296 1417 1355 alienum
1442 1300 1491 1356 est

204 1386 312 1457 exile
342 1384 510 1444 nominari'.
556 1387 656 1461 Atque
688 1386 803 1444 Gellius
831 1386 849 1444 l.
875 1405 898 1444 s.
924 1405 947 1444 s.
979 1387 1054 1444 haec
1084 1388 1225 1461 praebet:
1260 1385 1325 1462 tHis
1357 1386 1489 1460 singulis

205 1475 353 1550 orationis
376 1475 542 1533 virtutibus
566 1475 643 1532 vitia
666 1479 782 1548 agnata
804 1478 878 1533 sunt
901 1476 966 1551 pari
990 1493 1123 1544 numero,
1149 1493 1227 1551 quae
1244 1492 1348 1532 earum
1364 1475 1489 1532 modum

205 1568 235 1623 et
258 1565 394 1640 habitum
419 1563 590 1621 simulacris
613 1563 703 1622 falsis
727 1564 936 1622 ementiuntur.
980 1565 1030 1622 Sic
1053 1565 1228 1639 plerumque
1251 1564 1371 1622 sufflati
1395 1567 1488 1639 atque

204 1654 312 1712 tumidi
335 1652 447 1710 fallunt
468 1670 528 1727 pro¹
546 1653 699 1720 uberibus,
725 1653 903 1728 squalentes
927 1657 957 1711 et
980 1654 1132 1711 ieiunidici
1155 1670 1209 1727 pro
1233 1652 1416 1725 gracilibus,
1442 1654 1488 1710 in-

205 1743 278 1818 certi
301 1745 332 1799 et
355 1743 488 1816 ambigui
511 1759 565 1816 pro
590 1741 811 1800 mediocribus’.
849 1743 920 1800 Tria
942 1745 1044 1800 autem
1066 1743 1247 1800 elocutionis
1263 1759 1374 1816 genera
1390 1742 1488 1800 Theo-

205 1832 364 1908 phrastum
386 1831 514 1906 primum
539 1831 717 1889 distinxisse
742 1834 870 1906 apparet
892 1849 930 1890 ex
954 1833 1008 1899 eie,
1035 1849 1113 1907 quae
1137 1832 1280 1906 exposuit
1302 1831 1427 1888 Rabeus
1453 1832 1487 1887 de

205 1919 407 1994 Theophrasti
439 1919 524 1978 libris
556 1917 628 1998 περὶ
659 1917 777 1989 λέξεως
809 1918 946 1996 (Bonnae
982 1919 1085 1996 1890).
1149 1920 1255 1995 ltaque
1294 1937 1354 1976 non
1392 1921 1488 1994 probo

206 2008 389 2084 Schmidium
405 2009 499 2083 ¹hanc
522 2009 755 2082 tripartitionem
778 2010 887 2067 referre
911 2009 949 2068 ad
974 2007 1129 2085 Stoicos‚¹t
1174 2009 1270 2067 Aliter
1292 2011 1396 2066 autem
1420 2026 1488 2066 esse

205 2098 399 2174 iudicandum
427 2098 463 2154 de
495 2099 643 2156 orationis
674 2099 758 2156 vitiis
791 2098 1013 2156 demonstravit
1034 2099 1159 2156 itabens
1183 2098 1200 2156 l.
1226 2116 1250 2157 s.
1274 2115 1297 2155 e.
1321 2115 1349 2171 p.
1367 2097 1419 2156 26.
1444 2116 1487 2172 sq.

206 2186 288 2256 Quae
311 2187 480 2260 fortassee
497 2187 608 2245 Stoicis
625 2188 794 2245 constituta
810 2191 891 2255 sunt,
916 2188 1093 2263 praesertim
1115 2205 1182 2244 cum
1198 2186 1391 2246 inveniantur
1407 2187 1487 2261 apud

206 2275 466 2352 Fortunatianum,
485 2293 574 2351 quem
591 2276 718 2350 pendere
734 2294 771 2334 ex
789 2276 960 2334 Stoicorum
978 2277 1115 2334 doctrina
1132 2277 1346 2351 comprobatur
1362 2275 1488 2333 Strilleri

207 2365 421 2424 dissertatione
445 2382 540 2439 supra
564 2368 807 2423 commemorata.
846 2365 950 2439 Neque
974 2383 1046 2423 vero
1062 2364 1137 2422 illud
1154 2361 1299 2444 ἀνθηρόν
1315 2365 1397 2440 apud
1415 2381 1486 2421 aue-

206 2457 301 2511 torem
330 2455 368 2510 ad
400 2454 582 2512 Herennium
614 2455 752 2513 occurrit.
799 2455 898 2512 Primo
927 2458 1028 2512 autem
1060 2473 1086 2516 a.
1112 2453 1176 2511 Chr.
1201 2472 1228 2512 n.
1258 2452 1382 2511 saeculo
1407 2453 1486 2512 illius

170 2567 179 2576 ·’
206 2543 307 2599 floridi
323 2543 506 2618 characteris
524 2544 620 2617 prima
636 2544 763 2600 inveniri
780 2543 913 2616 vestigia
928 2548 1021 2618 atque
1042 2562 1079 2600 ea
1095 2544 1177 2617 apud
1189 2543 1356 2602 Varronem
1373 2543 1486 2617 optimo

207 2632 270 2689 iure
302 2631 375 2704 dicit
395 2632 578 2708 Schmidius
602 2633 620 2689 l.
638 2650 661 2691 s.
679 2650 703 2689 s.
720 2650 747 2706 p.
768 2632 839 2689 143,
864 2632 910 2708 (cf.
928 2650 955 2707 p.
976 2631 1056 2708 138).
1110 2631 1185 2690 Dlud
1216 2631 1358 2690 floridum
1389 2631 1486 2688 medio

168 2741 173 2762 θ
207 2720 323 2800 dicendi
355 2722 457 2794 generi
489 2721 639 2780 tribuitur.
691 2721 879 2794 Subiungam
914 2721 1013 2778 locum
1048 2721 1233 2788 Tullianum,
1270 2737 1359 2794 quern
1395 2720 1486 2778 debeo

206 2809 331 2884 Marxio.
356 2855 363 2884 Ι.
377 2809 457 2866 Dicit
488 2810 564 2867 enirn
597 2808 698 2866 Cicero
731 2810 769 2866 ad
801 2810 935 2866 Atticum
958 2810 1092 2878 11,6‚1·:
1119 2813 1163 2886 ‘et
1190 2809 1309 2868 hercule
1341 2812 1415 2866 sunt
1441 2827 1487 2866 res

209 2898 349 2974 difficiles
372 2898 410 2958 ad
435 2898 646 2974 explicandum
671 2901 701 2955 et
724 2894 879 2976 ὁμοειδεῖς
902 2916 957 2956 nee
980 2902 1042 2957 tam
1067 2902 1200 2974 possunt
1216 2895 1487 2976 ἀνθηρογρα-

207 2983 395 3066 peretur,
426 3004 517 3062 quarn
545 2986 745 3044 videbantur'.
795 2986 827 3043 ln
852 2987 945 3045 Bruto
978 2987 1029 3056 82,
1049 2989 1111 3046 285
1136 2991 1239 3046 autem
1270 2987 1306 3044 de
1337 2987 1487 3052 Demetrio

207 3075 350 3134 Phalereo
374 3076 449 3134 haec
473 3076 560 3134 dicit:
593 3077 651 3152 ,At
674 3080 722 3133 est
743 3075 895 3143 floridior,
926 3079 961 3133 ut
991 3077 1035 3134 ita
1059 3077 1169 3144 dicam,
1196 3094 1287 3150 quam
1310 3075 1486 3150 Hyperides,

208 3181 299 3242 quam
323 3165 449 3240 Lysias:
473 3168 585 3222 natura
609 3166 759 3239 quaedam
783 3168 838 3222 aut
861 3165 1005 3222 voluntas
1029 3166 1074 3222 ita
1097 3165 1214 3222 dicendi
1237 3163 1312 3230 iuit’.
1356 3164 1487 3222 Eandem

208 3254 374 3329 doctrinam
399 3255 480 3328 apud
505 3253 720 3324 Quintilianum
745 3251 866 3329 quoque
890 3255 1016 3312 inveniri
1041 3271 1103 3312 non
1127 3258 1175 3312 est
1198 3254 1375 3322 mirandum,
1403 3271 1488 3328 pree·

209 3343 312 3400 sertim
341 3360 409 3399 cum
437 3343 553 3417 passim
585 3342 712 3417 aliorum
736 3344 880 3418 presserit
903 3340 1069 3419 vestigia.²)
1117 3343 1174 3400 Sed
1200 3329 1488 3408 Graeoavocebula

208 3433 246 3493 ab
271 3449 306 3488 eo
324 3434 604 3508 commemorantur,
629 3449 707 3506 quae
724 3450 790 3505 meo
807 3433 927 3507 quidem
944 3433 1055 3503 iudicio
1073 3433 1192 3498 minime
1208 3421 1487 3513 sunt‘neglegenda.

209 3520 288 3578 Dicit
319 3520 395 3577 enim
428 3519 631 3590 Quintilianus
655 3515 870 3592 X11‚1o,58.:
909 3521 1024 3598 ‘Altera
1050 3524 1097 3578 est
1120 3515 1356 3596 divisio,‘qua'e
1380 3521 1412 3576 in
1435 3515 1487 3578 tris

208 3610 303 3684 partis
324 3613 365 3667 et
395 3609 464 3683 ipsa
487 3609 628 3683 discedit,
663 3628 724 3685 qua
749 3611 884 3684 ,discerni
906 3628 998 3685 posse
1023 3611 1111 3668 etiam
1137 3597 1216 3678 recte
1240 3609 1356 3676 dicendi
1380 3626 1488 3683 genera

208 3699 285 3756 inter
309 3715 342 3755 se
366 3697 538 3776 videntur
552 3697 690 3816 Namque
714 3717 808 3757 unum
831 3701 903 3758 subt
890 3699 951 3768 tile,
978 3699 1058 3774 quod
1083 3695 1190 3777 ἰσχνόν
1214 3701 1335 3765 vocant,
1362 3697 1487 3762 alterum

316 3869 391 3937 ².)ss
410 3868 592 3923 Lehnertium
612 3870 646 3923 de
665 3853 781 3925 scholiis
800 3871 835 3924 ad
856 3841 1007 3929 Homerum
1026 3869 1129 3926 rhetor
1149 3886 1175 3940 p.
1193 3869 1250 3924 102

316 3941 335 4010 ⁹)
355 3939 540 4008 Quintilianus
554 3940 588 4003 ll,
602 3941 626 4004 5,
643 3940 683 3995 18.
698 3941 769 3995 haec
782 3942 861 4018 dreit:
838 3942 938 4014 telii
958 3940 1126 4012 floridius
1146 3957 1269 4010 genua,
1289 3944 1321 3994 ut
1339 3911 1488 4010 adalsinda

234 4012 398 4066 rimarum
417 4013 615 4066 aetatium
608 4013 750 4082 lngenia
763 4009 853 4080 magis
865 3995 1129 4068 accommodatum’
1161 4012 1249 4066 Simili
1261 4011 1372 4066 ratione
1384 4001 1488 4065 iudicat

209 4029 361 4170 Dionysius
380 4081 467 4137 Halic.
480 4083 522 4136 de
541 4083 665 4137 Isocrate
685 4100 708 4138 c.
724 4081 764 4136 13.
766 4100 804 4172 p
817 4083 861 4137 ue.
876 4085 919 4144 ed.
934 4084 980 4138 Us
983 4084 1137 4137 -ltaderm:
1157 4081 1186 4146 ἐξ
1205 4084 1281 4150 αὐτῆς
1298 4099 1355 4168 γαρ
1358 4081 1436 4133 ἐπα
1426 4089 1488 4147 ιτῆσ

209 4152 372 4277 lcoapdrovc
384 4150 476 4216 λέξεως
492 4154 612 4220 τεθείσης
637 4155 789 4240 acceperis
808 4152 825 4205 δ’
840 4173 869 4206 τε
886 4159 940 4207 τῶν
957 4151 1088 4226 περιόδων
1105 4152 1240 4244 (ivdicdr'
1226 4173 1254 4206 εκ
1271 4150 1371 4208 παντὸς
1390 4149 1487 4204 διώκω

208 4243 239 4278 '⁰
257 4244 273 4295 ⁷
276 4223 452 4349 .“φ”6ἷ.ἔῖῗ
470 4224 734 4384 Ἒῖᾇχῖἕῖἶῗμέ
750 4222 1161 4384 t.t⁶tttttt‘i⁶tti⁰²
1130 4225 1336 4350 ἷὛπῖθῗὲῗ
1353 4227 1488 4362 wi}
1568 4327 1572 4344 .

209 4293 428 4493 ζῇθᾝξθὶκῗὰρ
397 4315 515 4424 ogast?
502 4365 644 4454 ἐχρήσαντο
662 4316 707 4419 uzi
726 4317 877 4440 σμγγραφεῖς
894 4372 939 4421 καὶ
957 4317 1077 4439 ῥήτοζὶες,
1103 4316 1252 4420 3ngqu
1268 4315 1471 4436 piacidum?
1412 4368 1488 4432 cripi

239 4437 298 4510 ἓν),
316 4436 428 4492 ἄλλα
399 4459 447 4492 τον
464 4437 638 4506 πλεονασμόν.
677 4439 711 4493 ci.
730 4443 878 4509 praeterea
902 4441 1022 4495 eundem
1047 4442 1081 4496 de
1101 4441 1227 4510 Lysiae.
1244 4439 1283 4494 13.
1303 4437 1386 4509 pua
1402 4437 1443 4492 10.
1463 4439 1488 4491 et

211 4512 246 4567 de
264 4512 454 4568 Demosthene
474 4529 496 4567 c.
512 4511 554 4566 18.
568 4528 595 4581 p.
610 4509 668 4574 166,
682 4509 725 4565 26.
