3190 4944
635 263 859 320 ..71-

97 442 154 516 qui
180 441 241 499 fuit
264 441 389 499 saeculo
405 438 479 517 Vll)
519 441 586 511 Qua
608 459 645 498 ex
668 458 699 499 re
718 441 852 499 fortasse
877 441 1016 500 concludi
1040 443 1144 516 potest
1165 442 1280 499 fontem
1303 441 1389 500 illum

95 535 177 606 post
208 530 365 588 saeculum
389 530 436 588 VI.
461 547 530 588 esse
562 530 775 605 conscriptum,
809 547 871 605 qua
901 533 1003 606 aetate
1027 530 1182 588 Heliodori
1213 530 1332 588 scholia
1357 531 1389 588 in

97 620 287 694 Dionysium
311 619 457 676 Thracem
481 622 554 678 sunt
577 615 782 695 composita.²)
817 619 942 677 Fontem
967 622 1068 677 autem
1092 619 1176 677 illum
1200 636 1389 677 communem

96 727 137 766 ex
162 708 454 784 Neoplatonicorum
486 709 625 766 doctrina
648 725 810 766 emanasse
841 708 947 766 exeis
972 725 1093 785 quoque
1117 708 1250 782 intellegi
1273 711 1387 783 potest,

97 815 183 873 quae
207 800 359 856 secuntur.
405 796 484 854 Nam
506 797 538 854 in
561 797 859 872 hymnographorum
883 814 1007 855 numero
1032 799 1283 856 commemoratur
1307 797 1389 872 apud

97 885 246 944 Tzetzam
270 885 468 961 Asclepiades
491 886 741 961 Neoplatonious,
775 886 827 961 qui
855 885 915 944 fuit
942 886 1065 944 saeculo
1089 880 1149 962 Vr)
1196 886 1312 956 Quibus
1336 885 1388 944 de-

96 975 282 1033 monstratis
306 975 403 1033 statui
426 977 531 1049 potest
552 977 652 1033 totam
674 975 753 1032 hano
774 975 942 1034 doctrinam
966 975 1003 1031 ad
1029 974 1169 1033 Tzetzam
1195 980 1225 1032 et
1248 974 1389 1033 anecdoti

97 1069 261 1122 auctorem
285 1064 461 1139 pervenisse
482 1063 608 1122 scholiis
633 1063 671 1120 ad
687 1063 867 1140 Dionysium
891 1064 1036 1122 Thracem
1059 1064 1324 1131 intercedentibus,
1351 1081 1388 1120 cx

98 1153 217 1230 quibus
235 1152 376 1226 Tzetzam
400 1153 557 1210 materiam
581 1170 670 1210 suam
693 1152 836 1211 hausisse
859 1153 1016 1212 Kaibelius
1040 1153 1226 1226 argumentis
1251 1169 1388 1226 compro-

97 1243 191 1300 bavit
214 1242 232 1300 l.
258 1259 281 1300 s.
307 1260 331 1299 s,
355 1260 383 1316 p.
403 1241 451 1302 12.
476 1259 543 1317 sqq.
591 1241 650 1299 Sed
673 1243 902 1314 Agamestorem
933 1242 1018 1300 illum
1046 1241 1389 1317 epithalamiographum

98 1349 119 1388 a
144 1331 322 1389 Ptolemaeo
347 1331 469 1388 Chenno
494 1348 562 1388 esse
584 1331 691 1387 fiotum
711 1330 837 1388 Crusius
862 1331 1052 1390 demonstrat
1074 1332 1156 1406 apud
1178 1331 1388 1406 Pauly-Wiss.

98 1420 121 1486 Ι,
139 1420 215 1480 729.
265 1420 310 1478 Ex
326 1419 475 1477 anecdoto
500 1422 602 1478 autem
617 1420 680 1478 Est.
696 1419 831 1477 fortasse
855 1423 904 1478 est
927 1420 1167 1478 concludendum
1182 1420 1214 1476 in
1237 1419 1389 1477 communi

98 1509 234 1567 Tzetzae
258 1511 288 1566 et
311 1509 453 1566 anecdoti
475 1508 560 1566 fonte
582 1509 793 1580 Agamestoris
818 1525 886 1566 esse
908 1503 1236 1566 factam'mentionem.

217 1597 280 1656 Sub
310 1598 403 1655 finem
433 1598 525 1656 huius
559 1598 699 1656 anecdoti
730 1598 828 1673 partis
860 1601 1133 1656 commemorantur
1163 1595 1319 1665 ἐποποιοί,
1353 1598 1389 1654 de

100 1688 219 1762 quibus
251 1704 346 1761 supra
377 1689 425 1744 est
449 1689 559 1745 actum.
605 1687 719 1744 Tamen
743 1705 759 1744 e
782 1704 814 1744 re
839 1704 907 1745 esse
938 1687 1011 1744 mihi
1034 1686 1154 1744 videtur
1178 1704 1222 1754 ea,
1257 1703 1335 1761 quae
1359 1687 1390 1742 in

101 1776 256 1834 anecdoto
281 1775 317 1832 de
342 1776 386 1833 eis
409 1777 613 1842 inveniuntur,
647 1793 822 1850 comparare
846 1794 914 1833 cum
938 1777 991 1844 eis,
1026 1793 1105 1851 quae
1129 1777 1244 1851 scripta
1266 1777 1391 1833 exstant

99 1865 133 1921 in
158 1864 254 1922 schol.
278 1865 317 1922 ad
341 1865 468 1940 Dionys.
484 1865 599 1932 Thrae,
626 1866 707 1939 apud
723 1865 867 1922 Photium
890 1865 1135 1939 Diomedemque.
1181 1865 1215 1921 In
1239 1863 1391 1922 anecdoto

101 1955 183 2011 enim
199 1954 276 2011 haec
300 1954 415 2027 scripta
434 1953 564 2026 legimus
581 1954 688 2011 verba:
712 1950 857 2013 ἐποποιοὶ
874 2000 880 2012 .
899 2001 904 2013 .
923 2000 929 2013 .
947 1950 1153 2033 διηγούμενοί
1165 1973 1231 2013 τινα
1249 1949 1392 2032 διήγησιν
1407 1993 1409 1998 -

100 2042 121 2121 ἢ
147 2040 202 2102 καὶ
225 2038 380 2122 ἠθικὰς
404 2039 597 2108 συντιθέντες
620 2039 831 2121 γνώμαςῤ)
863 2043 894 2099 in
918 2043 1043 2100 scholiis
1066 2042 1190 2100 Londin.
1215 2061 1243 2117 p.
1260 2042 1334 2108 450,
1351 2041 1390 2098 13

100 2131 152 2190 H.:
189 2128 431 2210 γνωμολογικόν
462 2128 523 2190 ἐστι
555 2127 590 2190 τὸ
623 2129 793 2209 γνώμας
824 2128 878 2190 καὶ
907 2129 1105 2210 παραινέσεις
1135 2128 1189 2190 καὶ
1218 2127 1392 2210 ὑποθήκας

100 2212 287 2304 <περι>έχον
316 2217 399 2298 πρός
420 2239 496 2289 τινα,
528 2221 609 2295 apud
632 2220 775 2277 Photium
797 2237 824 2294 p.
843 2219 907 2276 322
924 2239 944 2278 a
960 2221 1015 2278 35:
1045 2216 1083 2279 τὰ
1107 2217 1142 2280 δὲ
1165 2216 1391 2298 γνωμολογικὰ

102 2306 202 2388 δῆλον
226 2306 271 2368 δτι
294 2307 542 2387 παραίνεσιν
565 2306 683 2388 ἠθῶν
705 2307 777 2387 ἔχει,
809 2309 891 2383 apud
914 2309 1089 2367 Diomedem
1114 2308 1217 2366 GGF.
1241 2325 1269 2382 p.
1287 2308 1328 2367 54
1341 2308 1391 2367 K.:

102 2390 381 2482 ⁶<2rop)cyyclnmj
407 2399 454 2456 est
478 2415 539 2473 qua
563 2399 800 2455 sententiae
824 2393 857 2478 (i.
875 2416 899 2460 e.
915 2392 1054 2479 γνῶμαι)
1076 2399 1259 2466 scribuntur,
1285 2401 1320 2454 ut
1343 2400 1392 2454 est

101 2488 338 2560 Theognidos
362 2487 468 2555 liber,
493 2487 566 2544 item
590 2485 710 2544 chriae?
738 2486 828 2562 Apud
844 2487 986 2544 Tzetzam
1003 2490 1106 2544 autem
1122 2487 1153 2544 in
1169 2487 1390 2561 prolegomenis

102 2577 143 2634 ad
177 2576 405 2651 Lycophronem
440 2579 602 2650 propterea
633 2576 815 2634 omittuntur
845 2573 991 2635 ἐποποιοί
1023 2577 1097 2651 quia
1131 2577 1162 2632 in
1197 2576 1258 2632 fine
1292 2576 1390 2633 totius

102 2668 260 2723 tractatus
284 2665 416 2739 ponendi
440 2668 528 2723 erant
549 2662 703 2743 μονῳδοὶ,
730 2682 792 2740 quo
816 2665 848 2722 in
871 2682 996 2723 numero
1020 2668 1086 2723 erat
1108 2665 1296 2739 Lycophron.

212 2755 246 2812 ln
278 2753 376 2812 altera
409 2754 550 2812 anecdoti
573 2758 660 2829 parte
693 2755 794 2828 agitur
826 2754 862 2811 de
885 2754 1051 2828 tragoedia,
1086 2754 1251 2822 comoedia,
1284 2752 1392 2810 fabula

103 2844 250 2919 satyrica.
299 2842 523 2917 Comprobatur
546 2843 677 2901 Kaibelii
706 2844 866 2910 sententia,
898 2861 989 2918 quam
1013 2842 1141 2918 protulit
1163 2842 1182 2900 l.
1199 2860 1223 2900 s.
1241 2861 1264 2900 s.
1289 2860 1316 2916 p.
1334 2842 1390 2898 42:

105 2933 169 3000 „Es
194 2933 249 2990 hat
277 2932 343 2990 sich
373 2932 500 3006 gezeigt,
526 2932 584 2989 dass
609 2933 656 2989 ein
681 2932 902 3006 umfangliohes
934 2931 1029 2989 Stiick
1060 2931 1134 2989 iiber
1165 2931 1213 2990 die
1243 2930 1391 2989 Kombdie

103 3022 153 3079 bei
178 3020 305 3079 Taetzes
334 3020 396 3077 und
420 3022 451 3077 in
476 3021 533 3078 den
556 3021 812 3096 Dionysscholien
843 3021 909 3079 sein
933 3020 1127 3094 Gcgenstiiek
1149 3020 1180 3076 in
1209 3021 1291 3077 einer
1313 3019 1390 3078 thn-

103 3111 204 3168 lichen
227 3109 432 3182 Abhandlung
462 3109 536 3167 iiber
567 3110 614 3167 die
638 3110 785 3183 Tragddie
809 3110 894 3167 hatte
918 3104 995 3189 (dies
1026 3127 1083 3166 nur
1113 3109 1144 3166 in
1176 3109 1233 3166 den
1256 3109 1390 3184 Dionys·

106 3199 246 3257 scholion
277 3193 463 3279 iiberliefert)
496 3199 558 3256 und
590 3199 649 3255 dall
680 3199 767 3256 beide
801 3199 897 3257 einem
927 3198 1301 3272 litterargeschiohtliohen
1332 3197 1391 3254 Zu-

105 3287 345 3360 sammenhange
377 3289 570 3345 entnommen
600 3304 713 3355 waren,
746 3288 777 3344 in
808 3287 954 3346 welchem
977 3287 1125 3345 Komddie
1156 3288 1219 3344 und
1243 3286 1391 3360 Tragddie

104 3371 181 3454 (und
206 3376 374 3434 zweifellos
391 3377 471 3434 auch
487 3377 543 3433 das
561 3371 773 3452 Satyrdrama)
790 3377 844 3434 auf
860 3377 917 3433 den
934 3376 1070 3450 gleichen
1085 3376 1243 3451 Ursprung
1262 3376 1391 3433 zuriick·

104 3465 229 3542 gciiihrt
251 3465 378 3522 wurden
402 3460 440 3546 (s.
465 3483 491 3524 o.
517 3466 546 3522 S.
567 3459 630 3546 14).
676 3465 731 3522 Die
754 3465 942 3539 Vermutung
964 3465 1037 3540 liegt
1060 3466 1147 3533 nahe,
1178 3465 1237 3522 dail
1260 3465 1390 3522 Proklos

105 3555 186 3612 auch
210 3554 274 3611 hier
298 3553 345 3612 als
362 3554 464 3628 Quelle
488 3554 588 3627 gelten
608 3554 708 3611 mutis*
750 3553 902 3628 Scriptum
926 3555 1004 3611 enim
1020 3555 1148 3626 legimus
1171 3555 1202 3610 in
1226 3553 1389 3611 anecdoto:

106 3641 153 3703 ὅτι
177 3641 209 3702 οἱ
231 3639 373 3721 κωμικοὶ
400 3640 454 3702 καὶ
486 3639 647 3721 σατυρικοὶ
681 3639 736 3702 καὶ
765 3639 906 3721 τραγικοὶ
942 3640 987 3702 ἑνὶ
1018 3640 1150 3721 ὀνόματι
1183 3639 1321 3721 τραγικοὶ
1355 3637 1390 3700 τὸ

104 3734 237 3811 πρῶτον
261 3728 431 3791 ἐκαλοῦντο
463 3728 527 3792 ἀπὸ
557 3735 612 3810 τῆς
642 3727 767 3809 τρυγὸς,
799 3726 820 3810 ᾖ
844 3728 881 3790 τὰ
904 3728 1065 3809 πρόσωπα
1088 3730 1227 3810 χρίοντες
1249 3727 1330 3810 ᾖδον
1347 3730 1390 3809 .ἢ

106 3817 172 3881 ἀπὸ
195 3823 251 3880 τοῦ
275 3818 403 3898 τράγου,
430 3818 467 3879 ὃν
491 3817 600 3898 δῶρον
624 3817 806 3900 ἐλάμβανον
822 3820 865 3899 ,ἢ
888 3818 1051 3898 τραχῳδία
1074 3818 1129 3881 καὶ
1150 3818 1310 3900 τραγῳδία
1333 3823 1389 3879 τοῦ

105 3909 126 3988 7⁶5
148 3907 320 3989 τραπέντος
343 3907 387 3975 εἰς
410 3908 437 3986 23.
460 3908 605 3988 τραχείας
628 3905 689 3987 γὰρ
706 3905 795 3988 ᾠδὰς
817 3905 853 3968 τὸ
876 3911 1005 3987 πρῶτον
1021 3905 1102 3990 ᾖδον
1119 3908 1152 3970 ἓν
1166 3913 1232 3976 τοῖς
1246 3907 1390 3988 θρήνοις.

216 4119 236 4186 ¹)
255 4116 291 4171 cf.
311 4115 564 4170 Reitzensteinium
582 4117 657 4185 apud
676 4117 863 4188 Pauly-Wiss.
883 4115 1055 4182 v01.1.744.‚
1081 4115 1230 4170 Christium
1249 4115 1316 4170 hist.
1334 4115 1389 4170 litt.

107 4189 178 4244 Gr.⁴
196 4205 224 4258 p.
243 4187 304 4241 824.
342 4187 477 4242 Palladae
502 4192 599 4242 autem
623 4189 739 4243 minime
766 4193 811 4242 ost
837 4187 912 4242 ratio
938 4188 1081 4251 habenda,
1111 4187 1187 4259 quod
1211 4187 1325 4242 saeculo
1344 4186 1391 4242 IV.

106 4265 229 4315 exeunte
247 4259 353 4313 floruit.
392 4260 425 4313 cf.
445 4258 598 4313 Christium
616 4260 634 4313 l.
647 4276 669 4313 s.
682 4275 704 4315 s.
723 4275 750 4330 p.
763 4259 824 4314 825.

214 4331 234 4397 ‘l
253 4331 289 4384 cf.
309 4330 468 4384 Kaibelium
487 4330 505 4383 l.
518 4346 540 4384 s.
554 4347 575 4384 s.
595 4346 621 4400 p.
634 4331 661 4384 4.

214 4403 234 4506 3'
254 4401 291 4526 θ’
309 4399 1146 4528 δὲἓθὲἓὼὲἒέἓῖιθδὲτ55δέθίΒῖΠαθῗῖθϊδι
1168 4468 1176 4488 <
1198 4476 1277 4523 ιιι
1316 4472 1344 4523 a
1362 4491 1391 4522 ι,

107 4475 234 4614 ἱστορία.)
250 4488 295 4596 δαὶ
313 4541 363 4612 γὰρ
382 4489 538 4616 ατερδδμένη
555 4543 644 4610 μθθον
661 4545 765 4611 ποίησις
783 4513 908 4596 {abactio
927 4541 1005 4596 ἐστίν.
1065 4492 1082 4538 η
1163 4490 1197 4542 ⁷1?
1294 4491 1315 4539 μ
1345 4489 1361 4537 ρ
