3190 4944
632 277 853 332 ..43-

101 451 228 532 εῑσῆγον
250 449 304 512 καλ
327 450 427 530 γέλως
449 448 489 532 ἦν
510 449 612 533 μόνος
626 449 661 513 τό
676 449 1001 533 κατασκευαζόμενον.
1045 452 1078 511 lu
1101 453 1145 512 eis
1169 453 1280 522 autem,
1307 471 1385 530 quae

102 544 257 611 secuntur,
283 543 383 616 agitur
399 543 435 600 de
452 542 584 610 Cratino,
609 543 662 617 qui
679 559 862 618 quamquam
879 543 1004 618 propius
1029 543 1195 601 accedebat
1209 543 1249 600 ad
1265 543 1384 602 Aristo-

102 632 214 707 phanis
245 631 405 699 rationem,
438 634 541 690 tamen
572 633 706 690 nondum
738 632 828 710 plane
860 633 898 690 ab
930 632 1075 707 antiquae
1107 632 1283 690 comoediae
1313 649 1385 706 pro-

102 721 233 796 prietate
257 722 323 778 erat
346 721 549 779 abalienatus.
596 721 747 795 Scriptum
772 721 851 779 enim
873 721 1002 796 legimus
1026 721 1108 796 apud
1132 721 1286 779 Tzetzam:
1318 719 1384 781 ἐπι-

102 805 274 888 γενόμενος
301 805 336 869 δὲ
359 807 377 868 ὁ
400 805 557 888 Κρατῖνος
587 808 755 889 κατέστησε
785 805 845 889 μὲν
874 811 1003 888 πρῶτον
1029 805 1067 869 τό
1095 807 1129 870 ἐν
1160 813 1197 888 τῇ
1225 807 1387 888 κωμῳδίᾳ

101 895 264 977 πρόσωπα
278 896 373 978 μέχρι
387 900 492 978 τριῶν,
509 896 624 978 στήσας
639 895 695 977 τὴν
711 896 848 968 ἀταξίαν,
864 895 918 958 καλ
932 901 978 977 τῷ
990 896 1124 978 χαρίεντι
1139 903 1194 978 τῆς
1208 895 1387 977 κωμῳδίας

101 985 138 1048 τό
162 985 358 1066 ὠφέλιμον
380 985 602 1067 προσέθηκε
621 1035 627 1048 .
644 1034 675 1049 ..
699 985 765 1048 ἀλλ’
790 987 832 1047 ἔτι
854 983 914 1067 μέν
933 985 987 1048 καί
1003 982 1096 1054 οὗτος
1110 991 1164 1066 τῆς
1180 984 1387 1066 ἀρχαιότητος

101 1080 224 1156 μετεῖχε
245 1073 300 1137 καλ
323 1075 427 1156 ἠρέμα
449 1097 522 1143 πως
543 1081 599 1156 τῆς
622 1075 756 1146 ἀταξίας.
802 1078 1025 1152 Aristophanes
1057 1079 1159 1135 autem
1190 1077 1229 1134 ab
1258 1077 1387 1151 antiqua

103 1167 263 1224 comoedia
286 1167 510 1242 quodammodo
527 1167 679 1240 processit
700 1165 739 1224 ad
763 1183 885 1233 novam,
910 1167 941 1223 id
966 1166 1047 1242 quod
1063 1165 1188 1224 Tnetzes
1213 1167 1243 1222 et
1266 1182 1385 1240 anony-

103 1273 172 1313 mus
197 1254 319 1330 quidam
351 1258 467 1324 auctor,
501 1256 554 1330 qui
585 1273 622 1313 ex
654 1256 759 1314 eodem
782 1255 867 1313 fonte
890 1255 996 1312 hausit
1026 1258 1120 1329 atque
1143 1251 1306 1332 TnetzeS‚²)
1329 1254 1387 1312 hoc

103 1344 195 1402 modo
228 1344 393 1419 explicant:
428 1341 447 1403 ὁ
473 1342 581 1423 μέντοι
612 1364 647 1422 γε
665 1341 899 1423 Ἀριστοφάνης
928 1341 1132 1423 μεδοδεόσας
1162 1341 1388 1422 τεχνικώτερον

102 1429 160 1512 τὴν
184 1430 363 1512 κωμῳδίαν
384 1436 450 1493 τῶν
471 1430 548 1512 μαλ’
565 1432 679 1494 ἑαυτοῦ
703 1431 886 1512 ἀνέλαμψεν
908 1430 941 1493 ἐν
964 1431 1081 1493 ἅπασιν
1104 1430 1257 1512 ἐπίσημος
1273 1429 1388 1511 dardeis

103 1519 158 1583 καί
189 1520 274 1582 οὕτω
304 1525 410 1582 πᾶσαν
439 1519 619 1601 κωμῳδίαν
651 1520 815 1601 ἐμελέτησε
831 1537 837 1552 ·
853 1520 908 1582 καλ
935 1518 996 1600 γὰρ
1025 1517 1062 1582 τδ
1092 1519 1205 1582 τούτου
1237 1520 1344 1601 δρᾶμα
1369 1518 1388 1581 ό

102 1607 252 1677 Πλοῦτος
275 1609 449 1688 νεωτερίζει
472 1609 551 1672 κατὰ
575 1607 610 1671 τὸ
633 1609 764 1691 πλάσμα
781 1631 787 1643 ·
803 1610 860 1691 τήν
882 1631 914 1671 τε
938 1607 998 1690 γὰρ
1026 1608 1181 1671 ὑπόδεσιν
1204 1608 1251 1677 ὡς
1281 1607 1389 1690 ἀληθῆ
1428 1673 1435 1694 ,

104 1699 168 1780 ἔχει
190 1698 244 1760 καὶ
259 1702 368 1780 χορῶν
384 1698 551 1780 ἐστέρηται,
576 1698 655 1780 ὅπερ
677 1704 742 1780 τῆς
764 1699 952 1779 νεωτέρας
974 1698 1120 1779 ὑπῆρχε
1143 1695 1388 1780 κωμῳδίαςλ)

103 1789 170 1847 Hac
193 1790 311 1847 ratione
334 1790 463 1848 Tzetzae
486 1792 580 1848 verba
608 1809 677 1849 esse
700 1791 928 1865 interpretanda
958 1789 1059 1862 colligi
1082 1791 1186 1866 potest
1209 1807 1246 1847 ex
1269 1789 1388 1847 Aristo·

104 1879 216 1954 phanis
241 1879 315 1946 vita,
349 1897 441 1953 quam
472 1880 617 1954 scriptam
648 1879 776 1954 legimus
808 1879 890 1955 apud
914 1879 1107 1936 Duebnerurn
1138 1879 1169 1935 in
1200 1878 1325 1936 scholiis
1356 1878 1386 1935 in

104 1968 340 2043 Aristophanem
369 1969 549 2043 conscriptis
573 1986 601 2042 p.
617 1967 734 2037 XXVII,
764 1970 795 2025 in
819 1967 1042 2046 Westermanni
1065 1967 1241 2043 biographis
1265 1986 1293 2043 p.
1313 1967 1388 2024 155:

105 2055 142 2122 ὃς
165 2055 241 2134 (scil.
260 2053 501 2138 Ἀριστοφάνης)
533 2059 661 2135 πρῶτος
692 2054 784 2118 δοκεῖ
809 2053 866 2136 τὴν
895 2054 1074 2134 κωμῳδίαν
1105 2054 1146 2115 ἔτι
1176 2052 1389 2135 πλανωμένην

104 2149 143 2224 τῇ
172 2143 289 2224 ἀρχαίᾳ
316 2143 429 2225 ἀγωγῇ
460 2143 518 2205 ἐπὶ
540 2142 581 2205 τὸ
608 2144 897 2225 χρησιμώτερον
919 2142 982 2204 καὶ
1010 2140 1271 2224 σεμνότερονθ)
1293 2165 1388 2224 μετα-

106 2237 221 2313 γαγεῖν,
251 2232 441 2314 πικρότερον
471 2232 525 2294 καὶ
548 2231 751 2314 αἰσχρότερον
773 2231 933 2314 Κρατίνου
964 2230 1018 2293 καί
1041 2229 1222 2301 Εὐπόλιδος
1243 2231 1388 2313 βλασφη-

104 2321 256 2402 μούντων
290 2323 309 2402 ἢ
343 2321 414 2384 ἔδει.
460 2325 588 2402 πρῶτος
623 2321 658 2384 δὲ
691 2320 745 2384 καὶ
779 2328 833 2403 τῆς
867 2322 940 2390 νέας
973 2319 1150 2402 κωμῳδίας
1182 2319 1237 2383 τὸν
1271 2320 1391 2402 τρόπον

106 2410 264 2481 ἐπέδειξεν
287 2411 320 2473 ἐν
342 2416 388 2491 τῷ
411 2408 574 2491 Κωκάλῳ,
606 2411 640 2482 ἐξ
667 2407 706 2472 οὗ
733 2410 789 2492 τὴν
818 2409 920 2492 ἀρχὴν
950 2409 1121 2491 λαβόμενοι
1143 2408 1335 2491 Μένανδρός
1357 2431 1390 2471 τε

105 2498 160 2562 καλ
188 2499 341 2581 Φιλήμων
365 2499 677 2582 ἐδραματούρχησαν.
723 2502 788 2560 Ηοο
816 2501 908 2576 igitur
938 2501 1006 2559 loco
1031 2501 1145 2559 Cratini
1178 2504 1211 2558 et'
1230 2500 1389 2576 Eupolidis

107 2591 283 2650 comoediae
300 2592 445 2649 differunt
460 2594 498 2649 ab
515 2592 730 2666 Aristophanis
746 2591 868 2649 tabulis.
901 2591 996 2648 Cuius
1012 2591 1198 2666 posteriores
1215 2590 1390 2648 comoediae

108 2680 270 2738 similiores
301 2683 375 2738 sunt
404 2697 504 2739 novae
537 2699 616 2756 quae
647 2683 776 2738 vocatur
808 2680 991 2739 comoediae.
1038 2680 1146 2754 ltaque
1175 2679 1388 2752 intellegimus,

108 2787 200 2845 quam
225 2769 348 2827 difficile
379 2771 421 2827 sit
444 2773 557 2828 certam
581 2770 734 2844 quandam
758 2786 893 2828 normam
923 2767 1096 2826 comoedias
1122 2768 1275 2826 dividendi
1298 2770 1390 2844 atque

108 2859 317 2932 distinguendi
333 2858 475 2916 invenire.
515 2859 598 2928 erae
615 2877 682 2916 cum
699 2860 745 2916 ita
760 2859 830 2927 sint,
856 2876 917 2916 non
934 2860 982 2916 est
998 2859 1174 2922 mirandum,
1201 2858 1284 2932 quod
1298 2857 1390 2914 homo

106 2947 308 3022 Byzantinus,
324 2949 376 3023 qui
391 2950 556 3005 tractatum
570 2948 659 3006 Coisl.
673 2966 710 3006 ex
726 2947 871 3022 ampliore
884 2948 920 3004 de
937 2951 1001 3005 arte
1018 2947 1138 3021 poetica
1154 2947 1298 3004 universa
1313 2945 1390 3003 libro

107 3037 269 3110 excerpsit,
295 3041 393 3094 totam
416 3054 478 3093 rem
502 3037 647 3094 confudit.
682 3037 836 3111 Apparere
859 3037 937 3096 enim
960 3037 1061 3093 iudico
1085 3035 1170 3093 illum
1194 3038 1226 3092 et
1247 3036 1390 3093 loannem

107 3125 251 3183 Tzetnam
268 3125 285 3185 l.
303 3143 327 3184 s.
344 3144 368 3183 s.
384 3125 527 3183 hausisse
544 3144 582 3183 ex
598 3126 704 3184 eodem
720 3126 826 3184 fonte.v
848 3126 901 3184 Ille
916 3128 1019 3183 autem
1035 3125 1133 3200 priore
1150 3125 1233 3204 apud
1249 3123 1391 3182 Tzetnam

105 3214 222 3273 tradita
243 3217 339 3289 parte,
373 3215 424 3271 ubi
449 3215 509 3272 duo
538 3215 712 3272 comoedias
743 3232 854 3289 genere
878 3215 1113 3288 distinguuntur,
1136 3203 1229 3288 'plane
1252 3212 1392 3287 neglecta

106 3303 308 3378 posteriorem
324 3304 535 3361 tantummodo
552 3303 722 3378 exscripsit,
748 3304 800 3362 ubi
817 3305 854 3361 de
870 3304 1015 3378 antiquae
1032 3302 1207 3361 comoediae
1231 3302 1391 3376 speciebus

107 3393 217 3466 agitur.
254 3393 311 3450 Sed
336 3393 381 3450 ita
403 3409 464 3451 rem
481 3393 622 3461 instituit,
649 3395 685 3449 ut
707 3393 899 3451 notissimam
915 3393 1150 3467 tripartitionem
1167 3392 1224 3448 hac
1244 3392 1275 3448 in
1291 3408 1322 3447 re
1345 3391 1392 3447 in-

106 3480 265 3556 eptissime
278 3478 469 3561 adhiberet.⁴)
493 3482 605 3539 Contra
616 3499 683 3539 meo
696 3482 808 3539 iudicio
822 3500 859 3539 ex
872 3482 925 3548 eis,
941 3499 1019 3556 quae
1033 3481 1113 3556 apud
1122 3481 1265 3538 Tzetzam
1277 3479 1392 3554 scripta

106 3573 241 3639 exstant,
260 3571 460 3643 colligendum
477 3571 570 3628 estin
588 3571 739 3628 communi
755 3571 808 3628 illo
824 3571 909 3628 fonte
926 3571 986 3628 duo
1004 3570 1178 3628 comoediae
1194 3586 1306 3643 genera
1322 3586 1391 3626 esse

107 3662 353 3718 commemorata.
393 3661 477 3730 Quae
501 3660 656 3734 bipartitio
680 3659 814 3717 fortasse
839 3662 887 3716 est
909 3659 1066 3717 referenda
1089 3659 1129 3716 ad
1152 3651 1393 3736 Pergamenosd)

217 3749 275 3806 Sed
292 3750 327 3805 ut
343 3765 491 3806 summam
508 3749 605 3806 totius
621 3749 839 3824 disputationis
856 3748 1015 3816 iaciamus,
1038 3747 1203 3822 quaeritur,
1226 3765 1298 3804 num
1319 3746 1391 3820 quid

218 3923 237 3986 ¹)
256 3920 292 3974 cl.
312 3920 471 3974 Kaibelium
490 3919 510 3974 G
520 3920 545 3975 G
555 3921 577 3974 ll
594 3937 622 3990 p.
637 3920 670 3974 17
689 3920 754 3975 adn.
774 3920 820 3974 lll.

216 3992 236 4058 ς’λ
255 3992 291 4045 ci.
311 3991 469 4046 Kaibelium
488 3992 506 4046 l.
520 4008 541 4046 s.
555 4009 577 4046 s.
597 4009 623 4062 p.
638 3992 681 4055 58,
701 3991 790 4046 CGF.
809 4009 836 4062 p.
848 3991 882 4045 18
900 3991 964 4045 adn.
977 3989 1021 4046 30.

217 4063 236 4132 ³)
256 4062 291 4118 cf.
305 4062 429 4149 Tzetcae
447 4064 534 4150 verba
552 4080 637 4150 supra
655 4063 743 4154 allata
762 4079 826 4117 eum
839 4065 978 4118 tractatus
992 4061 1074 4117 Coisl.
1088 4061 1195 4116 verbis:
1215 4061 1262 4114 νέα
1281 4059 1393 4128 ᾖταῦτα

105 4134 157 4205 μὲν
174 4131 507 4276 πρῖλᾳλὲλέέεέέοάαδάηάἀ
523 4153 657 4276 λαΐδος.
670 4135 793 4261 λᾷιλάδά
811 4203 842 4256 τό
861 4205 943 4272 μέσον
960 4205 1034 4258 male
1053 4203 1171 4286 addidit.
1304 4274 1310 4286 .
1352 4273 1358 4285 ι

217 4277 236 4344 ⁶)
256 4277 292 4332 ci.
305 4277 464 4331 Kaibehum
476 4292 504 4331 m
517 4276 638 4330 Hermae
650 4277 705 4330 vol.
718 4276 809 4331 XXlV
819 4275 910 4346 (1889)
925 4293 950 4346 p.
964 4276 999 4330 57
1010 4292 1078 4346 sqq,
1097 4292 1142 4330 cur
1154 4274 1394 4345 Heydenrerchrus

106 4350 138 4404 in
157 4365 192 4402 eo
212 4347 292 4412 libro,
312 4349 360 4419 qui
373 4348 543 4403 inscribitur:
565 4348 599 4401 de
613 4347 778 4414 Quintiliani
791 4347 880 4402 instit.
894 4350 965 4402 orat.
979 4347 1050 4401 libro
1063 4345 1097 4411 X,
1118 4347 1153 4401 de
1165 4345 1292 4416 Dionysii
1306 4344 1393 4400 Helio.

108 4422 146 4475 de
163 4419 324 4474 imitatione
336 4420 383 4474 lib.
398 4420 430 4486 ΙΙ,
451 4420 486 4474 de
506 4435 615 4474 oenone
628 4418 675 4490 qui
688 4419 789 4474 dicitur
801 4419 991 4472 Alexandrino
1005 4418 1186 4489 quaestiones
1201 4416 1267 4472 diss.
1281 4415 1393 4486 llrlang.

109 4489 181 4546 1900
198 4507 225 4562 p.
239 4490 345 4562 20sqq.
364 4492 526 4546 assentitur.
564 4492 620 4545 Sed
639 4489 785 4545 Kaibelius
803 4491 864 4560 ipse
884 4490 1004 4554 dubitat,
1029 4492 1142 4543 rectene
1161 4488 1338 4554 iudicaverit,
1365 4485 1394 4540 in

107 4562 321 4632 prolegomenis
338 4565 400 4633 περὶ
417 4559 555 4630 κωμῳδίας
572 4577 599 4633 p.
612 4561 656 4617 50.
