<?xml version="1.0" encoding="UTF-8"?>
<!DOCTYPE html PUBLIC "-//W3C//DTD XHTML 1.0 Transitional//EN"
    "http://www.w3.org/TR/xhtml1/DTD/xhtml1-transitional.dtd">
<html xmlns="http://www.w3.org/1999/xhtml" xml:lang="en" lang="en">
 <head>
  <title>
</title>
<meta http-equiv="Content-Type" content="text/html;charset=utf-8" />
  <meta name='ocr-system' content='tesseract 3.04.00' />
  <meta name='ocr-capabilities' content='ocr_page ocr_carea ocr_par ocr_line ocrx_word'/>
</head>
<body>
  <div class='ocr_page' id='page_1' title='image "./deveterumartepo00kaysgoog_0085.png"; bbox 0 0 3190 4944; ppageno 0'>
   <div class='ocr_carea' id='block_1_1' title="bbox 745 217 968 274">
    <p class='ocr_par' dir='ltr' id='par_1_1' title="bbox 745 217 968 274">
     <span class='ocr_line' id='line_1_1' title="bbox 745 217 968 274; baseline -0.018 -12"><span class='ocrx_word' id='word_1_1' title='bbox 745 217 968 274; x_wconf 64' lang='lat'>...73-</span> 
     </span>
    </p>
   </div>
   <div class='ocr_carea' id='block_1_2' title="bbox 217 361 1501 466">
    <p class='ocr_par' dir='ltr' id='par_1_2' title="bbox 217 361 1501 466">
     <span class='ocr_line' id='line_1_2' title="bbox 217 361 1501 466; baseline 0.002 -16"><span class='ocrx_word' id='word_1_2' title='bbox 217 393 349 451; x_wconf 88' lang='lat' dir='ltr'><strong>welcher</strong></span> <span class='ocrx_word' id='word_1_3' title='bbox 371 393 451 450; x_wconf 87' lang='lat' dir='ltr'><strong>auch</strong></span> <span class='ocrx_word' id='word_1_4' title='bbox 474 392 528 450; x_wconf 85' lang='lat' dir='ltr'><strong>aui</strong></span> <span class='ocrx_word' id='word_1_5' title='bbox 550 392 760 466; x_wconf 84' lang='lat' dir='ltr'><strong>rheginischen</strong></span> <span class='ocrx_word' id='word_1_6' title='bbox 782 393 912 451; x_wconf 79' lang='lat' dir='ltr'><strong>Msmzeu</strong></span> <span class='ocrx_word' id='word_1_7' title='bbox 934 394 1118 462; x_wconf 85' lang='lat' dir='ltr'><strong>vorkommt,</strong></span> <span class='ocrx_word' id='word_1_8' title='bbox 1152 412 1202 451; x_wconf 88' lang='lat' dir='ltr'><strong>wo</strong></span> <span class='ocrx_word' id='word_1_9' title='bbox 1227 361 1259 451; x_wconf 82' lang='lat' dir='ltr'><strong>er</strong></span> <span class='ocrx_word' id='word_1_10' title='bbox 1282 393 1431 452; x_wconf 81' lang='lat' dir='ltr'><strong>ebentalls</strong></span> <span class='ocrx_word' id='word_1_11' title='bbox 1456 394 1501 452; x_wconf 90' lang='lat' dir='ltr'><strong>als</strong></span> 
     </span>
    </p>
   </div>
   <div class='ocr_carea' id='block_1_3' title="bbox 214 481 1574 4383">
    <p class='ocr_par' dir='ltr' id='par_1_3' title="bbox 214 481 1574 3298">
     <span class='ocr_line' id='line_1_3' title="bbox 219 481 1500 558; baseline 0 -18"><span class='ocrx_word' id='word_1_12' title='bbox 219 482 345 558; x_wconf 87' lang='lat' dir='ltr'><strong>Symbol</strong></span> <span class='ocrx_word' id='word_1_13' title='bbox 376 482 430 540; x_wconf 89' lang='lat' dir='ltr'><strong>des</strong></span> <span class='ocrx_word' id='word_1_14' title='bbox 454 481 603 540; x_wconf 91' lang='lat' dir='ltr'><strong>Pankults</strong></span> <span class='ocrx_word' id='word_1_15' title='bbox 634 481 703 556; x_wconf 88' lang='lat' dir='ltr'><strong>gilt,</strong></span> <span class='ocrx_word' id='word_1_16' title='bbox 736 483 778 540; x_wconf 88' lang='lat' dir='ltr'><strong>ist</strong></span> <span class='ocrx_word' id='word_1_17' title='bbox 801 483 880 540; x_wconf 87' lang='lat' dir='ltr'><strong>nach</strong></span> <span class='ocrx_word' id='word_1_18' title='bbox 902 483 1028 541; x_wconf 90' lang='lat' dir='ltr'><strong>Aristot.</strong></span> <span class='ocrx_word' id='word_1_19' title='bbox 1052 484 1080 540; x_wconf 93' lang='lat' dir='ltr'><strong>b.</strong></span> <span class='ocrx_word' id='word_1_20' title='bbox 1103 483 1178 540; x_wconf 94' lang='lat' dir='ltr'><strong>Poll.</strong></span> <span class='ocrx_word' id='word_1_21' title='bbox 1204 484 1233 550; x_wconf 88' lang='lat'><strong>5,</strong></span> <span class='ocrx_word' id='word_1_22' title='bbox 1249 482 1290 541; x_wconf 78' lang='lat'><strong>75</strong></span> <span class='ocrx_word' id='word_1_23' title='bbox 1315 483 1346 540; x_wconf 93' lang='lat' dir='ltr'><strong>in</strong></span> <span class='ocrx_word' id='word_1_24' title='bbox 1370 483 1500 549; x_wconf 84' lang='lat' dir='ltr'><strong>Sizilieu,</strong></span> 
     </span>
     <span class='ocr_line' id='line_1_4' title="bbox 218 570 1500 646; baseline 0.001 -17"><span class='ocrx_word' id='word_1_25' title='bbox 218 572 275 629; x_wconf 87' lang='lat' dir='ltr'><strong>das</strong></span> <span class='ocrx_word' id='word_1_26' title='bbox 298 570 508 646; x_wconf 80' lang='lat' dir='ltr'><strong>ursprungheh</strong></span> <span class='ocrx_word' id='word_1_27' title='bbox 532 573 645 630; x_wconf 89' lang='lat' dir='ltr'><strong>ebenso</strong></span> <span class='ocrx_word' id='word_1_28' title='bbox 673 572 740 629; x_wconf 89' lang='lat' dir='ltr'><strong>wie.</strong></span> <span class='ocrx_word' id='word_1_29' title='bbox 755 571 864 629; x_wconf 88' lang='lat' dir='ltr'><strong>lthaka</strong></span> <span class='ocrx_word' id='word_1_30' title='bbox 886 572 948 629; x_wconf 92' lang='lat' dir='ltr'><strong>und</strong></span> <span class='ocrx_word' id='word_1_31' title='bbox 971 571 1145 646; x_wconf 90' lang='lat' dir='ltr'><strong>Karpathos</strong></span> <span class='ocrx_word' id='word_1_32' title='bbox 1169 571 1256 630; x_wconf 88' lang='lat' dir='ltr'><strong>keine</strong></span> <span class='ocrx_word' id='word_1_33' title='bbox 1279 571 1383 630; x_wconf 86' lang='lat' dir='ltr'><strong>Hasen</strong></span> <span class='ocrx_word' id='word_1_34' title='bbox 1407 571 1500 638; x_wconf 90' lang='lat' dir='ltr'><strong>hatte,</strong></span> 
     </span>
     <span class='ocr_line' id='line_1_5' title="bbox 217 658 1502 737; baseline 0.001 -19"><span class='ocrx_word' id='word_1_35' title='bbox 217 662 281 718; x_wconf 90' lang='lat' dir='ltr'><strong>erst</strong></span> <span class='ocrx_word' id='word_1_36' title='bbox 302 677 363 718; x_wconf 91' lang='lat' dir='ltr'><strong>von</strong></span> <span class='ocrx_word' id='word_1_37' title='bbox 378 660 526 718; x_wconf 88' lang='lat' dir='ltr'><strong>Anaxilas</strong></span> <span class='ocrx_word' id='word_1_38' title='bbox 543 658 621 737; x_wconf 83' lang='lat' dir='ltr'><strong>(dem</strong></span> <span class='ocrx_word' id='word_1_39' title='bbox 636 660 701 718; x_wconf 85' lang='lat' dir='ltr'><strong>Pan</strong></span> <span class='ocrx_word' id='word_1_40' title='bbox 717 677 754 718; x_wconf 85' lang='lat' dir='ltr'><strong>zu</strong></span> <span class='ocrx_word' id='word_1_41' title='bbox 771 658 895 736; x_wconf 72' lang='lat' dir='ltr'><strong>Liebell</strong></span> <span class='ocrx_word' id='word_1_42' title='bbox 916 660 1086 734; x_wconf 84' lang='lat' dir='ltr'><strong>eingeiiihrt</strong></span> <span class='ocrx_word' id='word_1_43' title='bbox 1101 660 1163 718; x_wconf 94' lang='lat' dir='ltr'><strong>und</strong></span> <span class='ocrx_word' id='word_1_44' title='bbox 1180 661 1306 719; x_wconf 90' lang='lat' dir='ltr'><strong>deshalb</strong></span> <span class='ocrx_word' id='word_1_45' title='bbox 1323 661 1378 718; x_wconf 84' lang='lat' dir='ltr'><strong>aut</strong></span> <span class='ocrx_word' id='word_1_46' title='bbox 1393 661 1502 719; x_wconf 91' lang='lat' dir='ltr'><strong>dessen</strong></span> 
     </span>
     <span class='ocr_line' id='line_1_6' title="bbox 217 748 1503 823; baseline 0.002 -17"><span class='ocrx_word' id='word_1_47' title='bbox 217 749 345 807; x_wconf 83' lang='lat' dir='ltr'><strong>Miinzen</strong></span> <span class='ocrx_word' id='word_1_48' title='bbox 369 749 416 807; x_wconf 91' lang='lat' dir='ltr'><strong>als</strong></span> <span class='ocrx_word' id='word_1_49' title='bbox 440 748 544 823; x_wconf 79' lang='lat' dir='ltr'><strong>&#39;lypus</strong></span> <span class='ocrx_word' id='word_1_50' title='bbox 568 752 687 823; x_wconf 85' lang='lat' dir='ltr'><strong>gesetzt</strong></span> <span class='ocrx_word' id='word_1_51' title='bbox 709 749 853 807; x_wconf 84' lang='lat' dir='ltr'><strong>worden’.</strong></span> <span class='ocrx_word' id='word_1_52' title='bbox 897 749 931 808; x_wconf 93' lang='lat' dir='ltr'><strong>In</strong></span> <span class='ocrx_word' id='word_1_53' title='bbox 953 766 1076 808; x_wconf 91' lang='lat' dir='ltr'><strong>nummo</strong></span> <span class='ocrx_word' id='word_1_54' title='bbox 1100 749 1215 808; x_wconf 86' lang='lat' dir='ltr'><strong>Therae</strong></span> <span class='ocrx_word' id='word_1_55' title='bbox 1239 766 1370 808; x_wconf 86' lang='lat' dir='ltr'><strong>excusso</strong></span> <span class='ocrx_word' id='word_1_56' title='bbox 1394 767 1503 808; x_wconf 87' lang='lat' dir='ltr'><strong>secun-</strong></span> 
     </span>
     <span class='ocr_line' id='line_1_7' title="bbox 217 837 1503 915; baseline 0.002 -20"><span class='ocrx_word' id='word_1_57' title='bbox 217 839 289 896; x_wconf 92' lang='lat' dir='ltr'><strong>dum</strong></span> <span class='ocrx_word' id='word_1_58' title='bbox 311 837 618 896; x_wconf 84' lang='lat' dir='ltr'><strong>Imhoot·Blumerum</strong></span> <span class='ocrx_word' id='word_1_59' title='bbox 641 840 716 896; x_wconf 89' lang='lat' dir='ltr'><strong>haec</strong></span> <span class='ocrx_word' id='word_1_60' title='bbox 731 838 886 896; x_wconf 91' lang='lat' dir='ltr'><strong>videmus:</strong></span> <span class='ocrx_word' id='word_1_61' title='bbox 912 839 994 915; x_wconf 48' lang='lat' dir='ltr'><strong>‘Pan</strong></span> <span class='ocrx_word' id='word_1_62' title='bbox 1010 857 1061 907; x_wconf 91' lang='lat' dir='ltr'><strong>nu,</strong></span> <span class='ocrx_word' id='word_1_63' title='bbox 1086 840 1184 897; x_wconf 90' lang='grc'>11111</span> <span class='ocrx_word' id='word_1_64' title='bbox 1201 841 1231 896; x_wconf 97' lang='grc'><strong>11</strong></span> <span class='ocrx_word' id='word_1_65' title='bbox 1247 856 1371 907; x_wconf 89' lang='grc'>11111,</span> <span class='ocrx_word' id='word_1_66' title='bbox 1390 839 1503 897; x_wconf 89' lang='grc'>(111111</span> 
     </span>
     <span class='ocr_line' id='line_1_8' title="bbox 217 927 1502 1003; baseline 0.002 -19"><span class='ocrx_word' id='word_1_67' title='bbox 217 928 253 985; x_wconf 93' lang='lat' dir='ltr'><strong>de</strong></span> <span class='ocrx_word' id='word_1_68' title='bbox 276 927 353 994; x_wconf 86' lang='lat' dir='ltr'><strong>iace,</strong></span> <span class='ocrx_word' id='word_1_69' title='bbox 377 927 422 986; x_wconf 92' lang='lat' dir='ltr'><strong>les</strong></span> <span class='ocrx_word' id='word_1_70' title='bbox 445 928 600 1001; x_wconf 79' lang='lat' dir='ltr'><strong>jambes</strong></span> <span class='ocrx_word' id='word_1_71' title='bbox 625 928 668 986; x_wconf 92' lang='lat' dir='ltr'><strong>de</strong></span> <span class='ocrx_word' id='word_1_72' title='bbox 692 929 794 986; x_wconf 92' lang='lat' dir='ltr'><strong>bouc</strong></span> <span class='ocrx_word' id='word_1_73' title='bbox 817 928 948 986; x_wconf 85' lang='lat' dir='ltr'><strong>croisees</strong></span> <span class='ocrx_word' id='word_1_74' title='bbox 973 931 1003 986; x_wconf 90' lang='lat' dir='ltr'><strong>et</strong></span> <span class='ocrx_word' id='word_1_75' title='bbox 1024 929 1133 1002; x_wconf 81' lang='lat' dir='ltr'><strong>jouant</strong></span> <span class='ocrx_word' id='word_1_76' title='bbox 1156 928 1193 986; x_wconf 92' lang='lat' dir='ltr'><strong>de</strong></span> <span class='ocrx_word' id='word_1_77' title='bbox 1216 927 1248 984; x_wconf 88' lang='lat' dir='ltr'><strong>la</strong></span> <span class='ocrx_word' id='word_1_78' title='bbox 1271 927 1396 1003; x_wconf 72' lang='lat' dir='ltr'><strong>syrinx?</strong></span> <span class='ocrx_word' id='word_1_79' title='bbox 1445 929 1502 986; x_wconf 85' lang='lat' dir='ltr'><strong>Sed</strong></span> 
     </span>
     <span class='ocr_line' id='line_1_9' title="bbox 217 1015 1502 1092; baseline 0 -18"><span class='ocrx_word' id='word_1_80' title='bbox 217 1017 295 1074; x_wconf 87' lang='lat' dir='ltr'><strong>satis</strong></span> <span class='ocrx_word' id='word_1_81' title='bbox 320 1015 533 1091; x_wconf 88' lang='lat' dir='ltr'><strong>exemplorum.</strong></span> <span class='ocrx_word' id='word_1_82' title='bbox 573 1016 690 1086; x_wconf 82' lang='lat' dir='ltr'><strong>Quibus</strong></span> <span class='ocrx_word' id='word_1_83' title='bbox 714 1017 864 1091; x_wconf 84' lang='lat' dir='ltr'><strong>expositis</strong></span> <span class='ocrx_word' id='word_1_84' title='bbox 888 1016 1146 1075; x_wconf 78' lang='lat' dir='ltr'><strong>demonstravisse</strong></span> <span class='ocrx_word' id='word_1_85' title='bbox 1170 1017 1242 1074; x_wconf 91' lang='lat' dir='ltr'><strong>mihi</strong></span> <span class='ocrx_word' id='word_1_86' title='bbox 1265 1017 1371 1075; x_wconf 88' lang='lat' dir='ltr'><strong>videor</strong></span> <span class='ocrx_word' id='word_1_87' title='bbox 1386 1017 1502 1092; x_wconf 91' lang='lat' dir='ltr'><strong>aliquid</strong></span> 
     </span>
     <span class='ocr_line' id='line_1_10' title="bbox 215 1104 1501 1181; baseline 0.002 -18"><span class='ocrx_word' id='word_1_88' title='bbox 215 1106 280 1163; x_wconf 90' lang='lat' dir='ltr'><strong>veri</strong></span> <span class='ocrx_word' id='word_1_89' title='bbox 311 1109 404 1181; x_wconf 86' lang='lat' dir='ltr'><strong>atque</strong></span> <span class='ocrx_word' id='word_1_90' title='bbox 434 1105 506 1163; x_wconf 94' lang='lat' dir='ltr'><strong>boni</strong></span> <span class='ocrx_word' id='word_1_91' title='bbox 536 1104 567 1162; x_wconf 93' lang='lat' dir='ltr'><strong>in</strong></span> <span class='ocrx_word' id='word_1_92' title='bbox 591 1105 740 1163; x_wconf 89' lang='lat' dir='ltr'><strong>anecdoto</strong></span> <span class='ocrx_word' id='word_1_93' title='bbox 763 1105 900 1173; x_wconf 89' lang='lat' dir='ltr'><strong>inveniri.</strong></span> <span class='ocrx_word' id='word_1_94' title='bbox 947 1105 1151 1180; x_wconf 79' lang='lat' dir='ltr'><strong>Cognovimus</strong></span> <span class='ocrx_word' id='word_1_95' title='bbox 1175 1106 1254 1163; x_wconf 91' lang='lat' dir='ltr'><strong>enim</strong></span> <span class='ocrx_word' id='word_1_96' title='bbox 1276 1105 1384 1179; x_wconf 88' lang='lat' dir='ltr'><strong>poesin</strong></span> <span class='ocrx_word' id='word_1_97' title='bbox 1407 1107 1501 1165; x_wconf 89' lang='lat' dir='ltr'><strong>buco-</strong></span> 
     </span>
     <span class='ocr_line' id='line_1_11' title="bbox 215 1194 1501 1270; baseline 0.001 -18"><span class='ocrx_word' id='word_1_98' title='bbox 215 1194 305 1252; x_wconf 91' lang='lat' dir='ltr'><strong>licam</strong></span> <span class='ocrx_word' id='word_1_99' title='bbox 336 1195 528 1252; x_wconf 86' lang='lat' dir='ltr'><strong>coniunctam</strong></span> <span class='ocrx_word' id='word_1_100' title='bbox 556 1211 625 1251; x_wconf 88' lang='lat' dir='ltr'><strong>esse</strong></span> <span class='ocrx_word' id='word_1_101' title='bbox 654 1194 759 1269; x_wconf 90' lang='lat' dir='ltr'><strong>aliqua</strong></span> <span class='ocrx_word' id='word_1_102' title='bbox 786 1195 903 1252; x_wconf 88' lang='lat' dir='ltr'><strong>ratione</strong></span> <span class='ocrx_word' id='word_1_103' title='bbox 928 1213 995 1253; x_wconf 91' lang='lat' dir='ltr'><strong>cum</strong></span> <span class='ocrx_word' id='word_1_104' title='bbox 1018 1195 1114 1263; x_wconf 91' lang='lat' dir='ltr'><strong>Pane,</strong></span> <span class='ocrx_word' id='word_1_105' title='bbox 1140 1197 1298 1270; x_wconf 90' lang='lat' dir='ltr'><strong>pastorum</strong></span> <span class='ocrx_word' id='word_1_106' title='bbox 1323 1194 1389 1253; x_wconf 87' lang='lat' dir='ltr'><strong>deo.</strong></span> <span class='ocrx_word' id='word_1_107' title='bbox 1437 1195 1501 1265; x_wconf 83' lang='lat' dir='ltr'><strong>Quo</strong></span> 
     </span>
     <span class='ocr_line' id='line_1_12' title="bbox 217 1282 1501 1359; baseline 0.001 -18"><span class='ocrx_word' id='word_1_108' title='bbox 217 1286 396 1358; x_wconf 87' lang='lat' dir='ltr'><strong>argumento</strong></span> <span class='ocrx_word' id='word_1_109' title='bbox 419 1283 507 1341; x_wconf 89' lang='lat' dir='ltr'><strong>nisus</strong></span> <span class='ocrx_word' id='word_1_110' title='bbox 530 1282 757 1342; x_wconf 84' lang='lat' dir='ltr'><strong>Reitzensteinii</strong></span> <span class='ocrx_word' id='word_1_111' title='bbox 781 1285 975 1353; x_wconf 78' lang='lat' dir='ltr'><strong>sententiam,</strong></span> <span class='ocrx_word' id='word_1_112' title='bbox 1006 1301 1097 1359; x_wconf 89' lang='lat' dir='ltr'><strong>quam</strong></span> <span class='ocrx_word' id='word_1_113' title='bbox 1129 1284 1165 1341; x_wconf 91' lang='lat' dir='ltr'><strong>de</strong></span> <span class='ocrx_word' id='word_1_114' title='bbox 1189 1301 1320 1359; x_wconf 88' lang='lat' dir='ltr'><strong>poeseos</strong></span> <span class='ocrx_word' id='word_1_115' title='bbox 1343 1284 1501 1342; x_wconf 90' lang='lat' dir='ltr'><strong>bucolicae</strong></span> 
     </span>
     <span class='ocr_line' id='line_1_13' title="bbox 216 1371 1499 1449; baseline 0.001 -19"><span class='ocrx_word' id='word_1_116' title='bbox 216 1373 330 1447; x_wconf 86' lang='lat' dir='ltr'><strong>origine</strong></span> <span class='ocrx_word' id='word_1_117' title='bbox 353 1373 385 1430; x_wconf 92' lang='lat' dir='ltr'><strong>in</strong></span> <span class='ocrx_word' id='word_1_118' title='bbox 407 1371 485 1431; x_wconf 91' lang='lat' dir='ltr'><strong>libro</strong></span> <span class='ocrx_word' id='word_1_119' title='bbox 509 1372 689 1447; x_wconf 50' lang='lat' dir='ltr'><strong>‘Epigramm</strong></span> <span class='ocrx_word' id='word_1_120' title='bbox 712 1373 774 1430; x_wconf 93' lang='lat' dir='ltr'><strong>und</strong></span> <span class='ocrx_word' id='word_1_121' title='bbox 799 1371 931 1430; x_wconf 82' lang='lat' dir='ltr'><strong>Skolion&#39;</strong></span> <span class='ocrx_word' id='word_1_122' title='bbox 961 1374 1107 1447; x_wconf 90' lang='lat' dir='ltr'><strong>inscripto</strong></span> <span class='ocrx_word' id='word_1_123' title='bbox 1131 1390 1159 1447; x_wconf 87' lang='lat' dir='ltr'><strong>p.</strong></span> <span class='ocrx_word' id='word_1_124' title='bbox 1187 1373 1247 1430; x_wconf 83' lang='lat'><strong>193</strong></span> <span class='ocrx_word' id='word_1_125' title='bbox 1273 1390 1338 1449; x_wconf 90' lang='lat' dir='ltr'><strong>sqq.</strong></span> <span class='ocrx_word' id='word_1_126' title='bbox 1363 1374 1499 1449; x_wconf 87' lang='lat' dir='ltr'><strong>protulit,</strong></span> 
     </span>
     <span class='ocr_line' id='line_1_14' title="bbox 216 1456 1500 1544; baseline 0.001 -25"><span class='ocrx_word' id='word_1_127' title='bbox 216 1462 338 1519; x_wconf 92' lang='lat' dir='ltr'><strong>minime</strong></span> <span class='ocrx_word' id='word_1_128' title='bbox 350 1479 420 1520; x_wconf 88' lang='lat' dir='ltr'><strong>esse</strong></span> <span class='ocrx_word' id='word_1_129' title='bbox 432 1461 687 1536; x_wconf 88' lang='lat' dir='ltr'><strong>comprobandam</strong></span> <span class='ocrx_word' id='word_1_130' title='bbox 703 1456 841 1544; x_wconf 82' lang='lat' dir='ltr'><strong>iudico.²)</strong></span> <span class='ocrx_word' id='word_1_131' title='bbox 871 1462 976 1537; x_wconf 91' lang='lat' dir='ltr'><strong>Neque</strong></span> <span class='ocrx_word' id='word_1_132' title='bbox 991 1480 1064 1520; x_wconf 82' lang='lat' dir='ltr'><strong>vero</strong></span> <span class='ocrx_word' id='word_1_133' title='bbox 1080 1462 1185 1536; x_wconf 88' lang='lat' dir='ltr'><strong>negari</strong></span> <span class='ocrx_word' id='word_1_134' title='bbox 1201 1463 1304 1536; x_wconf 88' lang='lat' dir='ltr'><strong>potest</strong></span> <span class='ocrx_word' id='word_1_135' title='bbox 1319 1480 1357 1520; x_wconf 89' lang='lat' dir='ltr'><strong>ea</strong></span> <span class='ocrx_word' id='word_1_136' title='bbox 1369 1479 1500 1538; x_wconf 86' lang='lat' dir='ltr'><strong>quoque,</strong></span> 
     </span>
     <span class='ocr_line' id='line_1_15' title="bbox 217 1549 1500 1626; baseline 0.001 -19"><span class='ocrx_word' id='word_1_137' title='bbox 217 1551 350 1626; x_wconf 89' lang='lat' dir='ltr'><strong>quaein</strong></span> <span class='ocrx_word' id='word_1_138' title='bbox 374 1550 524 1608; x_wconf 90' lang='lat' dir='ltr'><strong>anecdoto</strong></span> <span class='ocrx_word' id='word_1_139' title='bbox 547 1549 610 1610; x_wconf 81' lang='lat' dir='ltr'><strong>Est.</strong></span> <span class='ocrx_word' id='word_1_140' title='bbox 634 1551 839 1618; x_wconf 89' lang='lat' dir='ltr'><strong>inveniuntur,</strong></span> <span class='ocrx_word' id='word_1_141' title='bbox 865 1554 900 1608; x_wconf 91' lang='grc'><strong>11</strong></span> <span class='ocrx_word' id='word_1_142' title='bbox 923 1568 1019 1626; x_wconf 89' lang='lat' dir='ltr'><strong>supra</strong></span> <span class='ocrx_word' id='word_1_143' title='bbox 1042 1551 1183 1618; x_wconf 89' lang='lat' dir='ltr'><strong>diximus,</strong></span> <span class='ocrx_word' id='word_1_144' title='bbox 1208 1567 1269 1608; x_wconf 94' lang='lat' dir='ltr'><strong>non</strong></span> <span class='ocrx_word' id='word_1_145' title='bbox 1293 1554 1375 1608; x_wconf 89' lang='lat' dir='ltr'><strong>stare</strong></span> <span class='ocrx_word' id='word_1_146' title='bbox 1399 1569 1500 1625; x_wconf 90' lang='lat' dir='ltr'><strong>posse.</strong></span> 
     </span>
     <span class='ocr_line' id='line_1_16' title="bbox 215 1637 1501 1718; baseline 0.002 -21"><span class='ocrx_word' id='word_1_147' title='bbox 215 1640 315 1698; x_wconf 90' lang='lat' dir='ltr'><strong>Primo</strong></span> <span class='ocrx_word' id='word_1_148' title='bbox 340 1640 417 1697; x_wconf 90' lang='lat' dir='ltr'><strong>enim</strong></span> <span class='ocrx_word' id='word_1_149' title='bbox 442 1640 551 1697; x_wconf 92' lang='lat' dir='ltr'><strong>obtutu</strong></span> <span class='ocrx_word' id='word_1_150' title='bbox 575 1656 720 1713; x_wconf 89' lang='lat' dir='ltr'><strong>apparere</strong></span> <span class='ocrx_word' id='word_1_151' title='bbox 745 1657 854 1698; x_wconf 89' lang='lat' dir='ltr'><strong>censeo</strong></span> <span class='ocrx_word' id='word_1_152' title='bbox 878 1640 947 1697; x_wconf 92' lang='lat' dir='ltr'><strong>inde</strong></span> <span class='ocrx_word' id='word_1_153' title='bbox 971 1641 1010 1698; x_wconf 91' lang='lat' dir='ltr'><strong>ah</strong></span> <span class='ocrx_word' id='word_1_154' title='bbox 1034 1639 1175 1698; x_wconf 89' lang='lat' dir='ltr'><strong>anecdoti</strong></span> <span class='ocrx_word' id='word_1_155' title='bbox 1194 1639 1308 1697; x_wconf 89' lang='lat' dir='ltr'><strong>verbis:</strong></span> <span class='ocrx_word' id='word_1_156' title='bbox 1333 1637 1379 1699; x_wconf 80' lang='grc' dir='ltr'><strong>ὅτι</strong></span> <span class='ocrx_word' id='word_1_157' title='bbox 1403 1637 1422 1699; x_wconf 80' lang='grc' dir='ltr'>ὁ</span> <span class='ocrx_word' id='word_1_158' title='bbox 1444 1637 1501 1718; x_wconf 77' lang='grc' dir='ltr'><strong>μὲν</strong></span> 
     </span>
     <span class='ocr_line' id='line_1_17' title="bbox 216 1723 1574 1808; baseline 0.001 -20"><span class='ocrx_word' id='word_1_159' title='bbox 216 1726 311 1806; x_wconf 82' lang='grc' dir='ltr'><strong><em>ἄρτος</em></strong></span> <span class='ocrx_word' id='word_1_160' title='bbox 334 1725 388 1787; x_wconf 79' lang='grc' dir='ltr'><strong>καὶ</strong></span> <span class='ocrx_word' id='word_1_161' title='bbox 411 1725 430 1787; x_wconf 84' lang='grc' dir='ltr'>ὁ</span> <span class='ocrx_word' id='word_1_162' title='bbox 454 1723 538 1794; x_wconf 81' lang='grc' dir='ltr'><em>οἶνος</em></span> <span class='ocrx_word' id='word_1_163' title='bbox 561 1725 615 1787; x_wconf 84' lang='grc' dir='ltr'><strong>καὶ</strong></span> <span class='ocrx_word' id='word_1_164' title='bbox 638 1726 658 1807; x_wconf 84' lang='grc' dir='ltr'><em>ἡ</em></span> <span class='ocrx_word' id='word_1_165' title='bbox 682 1725 804 1807; x_wconf 79' lang='grc' dir='ltr'><em>σπονδὴ</em></span> <span class='ocrx_word' id='word_1_166' title='bbox 829 1732 942 1808; x_wconf 77' lang='grc' dir='ltr'><em>σημεῖα</em></span> <span class='ocrx_word' id='word_1_167' title='bbox 965 1725 1046 1788; x_wconf 88' lang='grc' dir='ltr'><strong>κ.τ.λ.</strong></span> <span class='ocrx_word' id='word_1_168' title='bbox 1071 1746 1169 1804; x_wconf 91' lang='lat' dir='ltr'><strong>usque</strong></span> <span class='ocrx_word' id='word_1_169' title='bbox 1193 1728 1233 1786; x_wconf 92' lang='lat' dir='ltr'><strong>ad</strong></span> <span class='ocrx_word' id='word_1_170' title='bbox 1260 1730 1368 1787; x_wconf 86' lang='lat' dir='ltr'><strong>verba:</strong></span> <span class='ocrx_word' id='word_1_171' title='bbox 1402 1749 1499 1789; x_wconf 87' lang='grc' dir='ltr'><em>κακο-</em></span> <span class='ocrx_word' id='word_1_172' title='bbox 1568 1729 1574 1744; x_wconf 91' lang='grc'><strong><em>’</em></strong></span> 
     </span>
     <span class='ocr_line' id='line_1_18' title="bbox 216 1813 1499 1897; baseline -0.001 -21"><span class='ocrx_word' id='word_1_173' title='bbox 216 1815 366 1896; x_wconf 72' lang='grc' dir='ltr'><em>δαίμονες</em></span> <span class='ocrx_word' id='word_1_174' title='bbox 389 1813 424 1877; x_wconf 78' lang='grc' dir='ltr'><strong>δὲ</strong></span> <span class='ocrx_word' id='word_1_175' title='bbox 448 1815 582 1895; x_wconf 83' lang='grc' dir='ltr'><em>γίνονται</em></span> <span class='ocrx_word' id='word_1_176' title='bbox 605 1815 639 1876; x_wconf 83' lang='grc' dir='ltr'><strong>ἐν</strong></span> <span class='ocrx_word' id='word_1_177' title='bbox 660 1821 707 1895; x_wconf 80' lang='grc' dir='ltr'><strong>τῷ</strong></span> <span class='ocrx_word' id='word_1_178' title='bbox 729 1814 863 1897; x_wconf 83' lang='grc' dir='ltr'><em>πολέμῳ</em></span> <span class='ocrx_word' id='word_1_179' title='bbox 886 1821 1041 1876; x_wconf 80' lang='lat' dir='ltr'><strong>auctorem</strong></span> <span class='ocrx_word' id='word_1_180' title='bbox 1057 1818 1269 1891; x_wconf 79' lang='lat' dir='ltr'><strong>Byzantinum</strong></span> <span class='ocrx_word' id='word_1_181' title='bbox 1295 1818 1345 1875; x_wconf 93' lang='lat' dir='ltr'><strong>cui</strong></span> <span class='ocrx_word' id='word_1_182' title='bbox 1369 1819 1499 1875; x_wconf 89' lang='lat' dir='ltr'><strong>anecdo-</strong></span> 
     </span>
     <span class='ocr_line' id='line_1_19' title="bbox 215 1904 1499 1986; baseline 0.002 -22"><span class='ocrx_word' id='word_1_183' title='bbox 215 1909 269 1964; x_wconf 92' lang='grc'><strong>111</strong></span> <span class='ocrx_word' id='word_1_184' title='bbox 293 1907 354 1964; x_wconf 82' lang='lat' dir='ltr'><strong>Est.</strong></span> <span class='ocrx_word' id='word_1_185' title='bbox 378 1905 532 1972; x_wconf 89' lang='lat' dir='ltr'><strong>debemus,</strong></span> <span class='ocrx_word' id='word_1_186' title='bbox 558 1924 595 1963; x_wconf 90' lang='lat' dir='ltr'><strong>ea</strong></span> <span class='ocrx_word' id='word_1_187' title='bbox 617 1906 818 1980; x_wconf 88' lang='lat' dir='ltr'><strong>interpretari,</strong></span> <span class='ocrx_word' id='word_1_188' title='bbox 843 1925 922 1982; x_wconf 88' lang='lat' dir='ltr'><strong>quae</strong></span> <span class='ocrx_word' id='word_1_189' title='bbox 943 1908 1141 1983; x_wconf 89' lang='lat' dir='ltr'><strong>praecedunt:</strong></span> <span class='ocrx_word' id='word_1_190' title='bbox 1166 1905 1254 1985; x_wconf 81' lang='grc' dir='ltr'><em>ἄρτοι</em></span> <span class='ocrx_word' id='word_1_191' title='bbox 1276 1927 1308 1966; x_wconf 79' lang='grc' dir='ltr'><strong>τε</strong></span> <span class='ocrx_word' id='word_1_192' title='bbox 1331 1904 1499 1986; x_wconf 80' lang='grc' dir='ltr'><strong><em>ἐξήρτηντο</em></strong></span> 
     </span>
     <span class='ocr_line' id='line_1_20' title="bbox 215 1992 1499 2074; baseline -0.002 -19"><span class='ocrx_word' id='word_1_193' title='bbox 215 1993 322 2055; x_wconf 82' lang='grc' dir='ltr'><strong>-ἃν</strong></span> <span class='ocrx_word' id='word_1_194' title='bbox 346 1992 514 2055; x_wconf 80' lang='grc' dir='ltr'><em>ἕκαλέσοτο</em></span> <span class='ocrx_word' id='word_1_195' title='bbox 537 1993 623 2074; x_wconf 87' lang='grc' dir='ltr'><em>τήνα.</em></span> <span class='ocrx_word' id='word_1_196' title='bbox 671 1995 730 2052; x_wconf 88' lang='lat' dir='ltr'><strong>Sed</strong></span> <span class='ocrx_word' id='word_1_197' title='bbox 754 1996 812 2053; x_wconf 90' lang='lat' dir='ltr'><strong>hac</strong></span> <span class='ocrx_word' id='word_1_198' title='bbox 835 1995 866 2053; x_wconf 93' lang='lat' dir='ltr'><strong>in</strong></span> <span class='ocrx_word' id='word_1_199' title='bbox 890 2014 921 2053; x_wconf 91' lang='lat' dir='ltr'><strong>re</strong></span> <span class='ocrx_word' id='word_1_200' title='bbox 946 2013 1155 2071; x_wconf 88' lang='lat' dir='ltr'><strong>quaecumque</strong></span> <span class='ocrx_word' id='word_1_201' title='bbox 1180 1997 1207 2052; x_wconf 94' lang='lat' dir='ltr'><strong>ei</strong></span> <span class='ocrx_word' id='word_1_202' title='bbox 1222 1995 1407 2054; x_wconf 87' lang='lat' dir='ltr'><strong>videbantur</strong></span> <span class='ocrx_word' id='word_1_203' title='bbox 1424 2014 1499 2070; x_wconf 79' lang='lat' dir='ltr'><strong>qua—</strong></span> 
     </span>
     <span class='ocr_line' id='line_1_21' title="bbox 214 2084 1500 2160; baseline 0.001 -19"><span class='ocrx_word' id='word_1_204' title='bbox 214 2084 310 2156; x_wconf 89' lang='lat' dir='ltr'><strong>drare,</strong></span> <span class='ocrx_word' id='word_1_205' title='bbox 338 2102 395 2142; x_wconf 93' lang='lat' dir='ltr'><strong>suo</strong></span> <span class='ocrx_word' id='word_1_206' title='bbox 420 2084 524 2142; x_wconf 86' lang='lat' dir='ltr'><strong>attulit</strong></span> <span class='ocrx_word' id='word_1_207' title='bbox 547 2084 681 2142; x_wconf 85' lang='lat' dir='ltr'><strong>arbitrio.</strong></span> <span class='ocrx_word' id='word_1_208' title='bbox 718 2084 796 2141; x_wconf 88' lang='lat' dir='ltr'><strong>Nam</strong></span> <span class='ocrx_word' id='word_1_209' title='bbox 820 2103 899 2160; x_wconf 89' lang='lat' dir='ltr'><strong>quae</strong></span> <span class='ocrx_word' id='word_1_210' title='bbox 923 2085 959 2142; x_wconf 89' lang='lat' dir='ltr'><strong>de</strong></span> <span class='ocrx_word' id='word_1_211' title='bbox 974 2085 1057 2142; x_wconf 90' lang='lat' dir='ltr'><strong>Pane</strong></span> <span class='ocrx_word' id='word_1_212' title='bbox 1081 2084 1283 2160; x_wconf 85' lang='lat' dir='ltr'><strong>proteruntur,</strong></span> <span class='ocrx_word' id='word_1_213' title='bbox 1308 2101 1361 2158; x_wconf 90' lang='lat' dir='ltr'><strong>per</strong></span> <span class='ocrx_word' id='word_1_214' title='bbox 1382 2103 1416 2142; x_wconf 91' lang='grc'><strong>11</strong></span> <span class='ocrx_word' id='word_1_215' title='bbox 1432 2086 1500 2160; x_wconf 90' lang='lat' dir='ltr'><strong>ipsa</strong></span> 
     </span>
     <span class='ocr_line' id='line_1_22' title="bbox 216 2173 1500 2248; baseline 0.001 -18"><span class='ocrx_word' id='word_1_216' title='bbox 216 2191 286 2231; x_wconf 88' lang='lat' dir='ltr'><strong>esse</strong></span> <span class='ocrx_word' id='word_1_217' title='bbox 310 2174 544 2248; x_wconf 88' lang='lat' dir='ltr'><strong>comprobanda,</strong></span> <span class='ocrx_word' id='word_1_218' title='bbox 578 2173 636 2231; x_wconf 93' lang='lat' dir='ltr'><strong>hoc</strong></span> <span class='ocrx_word' id='word_1_219' title='bbox 660 2176 762 2231; x_wconf 90' lang='lat' dir='ltr'><strong>autem</strong></span> <span class='ocrx_word' id='word_1_220' title='bbox 786 2174 853 2232; x_wconf 92' lang='lat' dir='ltr'><strong>loco</strong></span> <span class='ocrx_word' id='word_1_221' title='bbox 877 2173 956 2230; x_wconf 86' lang='lat' dir='ltr'><strong>male</strong></span> <span class='ocrx_word' id='word_1_222' title='bbox 980 2192 1049 2232; x_wconf 89' lang='grc'>1311</span> <span class='ocrx_word' id='word_1_223' title='bbox 1072 2173 1169 2231; x_wconf 85' lang='lat' dir='ltr'><strong>allata</strong></span> <span class='ocrx_word' id='word_1_224' title='bbox 1193 2191 1287 2248; x_wconf 91' lang='lat' dir='ltr'><strong>supra</strong></span> <span class='ocrx_word' id='word_1_225' title='bbox 1310 2174 1500 2232; x_wconf 90' lang='lat' dir='ltr'><strong>demonstra-</strong></span> 
     </span>
     <span class='ocr_line' id='line_1_23' title="bbox 215 2262 1499 2338; baseline -0.001 -18"><span class='ocrx_word' id='word_1_226' title='bbox 215 2263 325 2320; x_wconf 86' lang='lat' dir='ltr'><strong>vimus.</strong></span> <span class='ocrx_word' id='word_1_227' title='bbox 370 2263 471 2338; x_wconf 89' lang='lat' dir='ltr'><strong>Atque</strong></span> <span class='ocrx_word' id='word_1_228' title='bbox 495 2263 587 2320; x_wconf 90' lang='grc'>11111</span> <span class='ocrx_word' id='word_1_229' title='bbox 611 2263 642 2320; x_wconf 89' lang='grc'><strong>11</strong></span> <span class='ocrx_word' id='word_1_230' title='bbox 665 2280 756 2320; x_wconf 89' lang='grc'>1111</span> <span class='ocrx_word' id='word_1_231' title='bbox 780 2281 871 2320; x_wconf 86' lang='grc'>1111</span> <span class='ocrx_word' id='word_1_232' title='bbox 894 2264 1044 2320; x_wconf 86' lang='lat' dir='ltr'><strong>convertit</strong></span> <span class='ocrx_word' id='word_1_233' title='bbox 1067 2266 1175 2320; x_wconf 87' lang='lat' dir='ltr'><strong>auctor</strong></span> <span class='ocrx_word' id='word_1_234' title='bbox 1197 2262 1387 2336; x_wconf 83' lang='lat' dir='ltr'><strong>Byzantinus</strong></span> <span class='ocrx_word' id='word_1_235' title='bbox 1411 2263 1499 2320; x_wconf 83' lang='lat' dir='ltr'><strong>fabu-</strong></span> 
     </span>
     <span class='ocr_line' id='line_1_24' title="bbox 214 2351 1499 2427; baseline 0 -19"><span class='ocrx_word' id='word_1_236' title='bbox 214 2351 274 2408; x_wconf 90' lang='lat' dir='ltr'><strong>lam</strong></span> <span class='ocrx_word' id='word_1_237' title='bbox 298 2351 390 2419; x_wconf 89' lang='lat' dir='ltr'><strong>illam,</strong></span> <span class='ocrx_word' id='word_1_238' title='bbox 416 2369 495 2427; x_wconf 92' lang='lat' dir='ltr'><strong>quae</strong></span> <span class='ocrx_word' id='word_1_239' title='bbox 520 2355 568 2409; x_wconf 90' lang='lat' dir='ltr'><strong>est</strong></span> <span class='ocrx_word' id='word_1_240' title='bbox 591 2352 628 2409; x_wconf 92' lang='lat' dir='ltr'><strong>de</strong></span> <span class='ocrx_word' id='word_1_241' title='bbox 652 2351 805 2409; x_wconf 90' lang='lat' dir='ltr'><strong>discordia</strong></span> <span class='ocrx_word' id='word_1_242' title='bbox 828 2352 990 2427; x_wconf 87' lang='lat' dir='ltr'><strong>Syracusis</strong></span> <span class='ocrx_word' id='word_1_243' title='bbox 1014 2353 1128 2409; x_wconf 85' lang='lat' dir='ltr'><strong>exorte.</strong></span> <span class='ocrx_word' id='word_1_244' title='bbox 1175 2351 1337 2409; x_wconf 80' lang='lat' dir='ltr'><strong>Rationem</strong></span> <span class='ocrx_word' id='word_1_245' title='bbox 1366 2351 1447 2410; x_wconf 90' lang='lat' dir='ltr'><strong>enim</strong></span> <span class='ocrx_word' id='word_1_246' title='bbox 1471 2355 1499 2408; x_wconf 91' lang='lat' dir='ltr'><strong>et</strong></span> 
     </span>
     <span class='ocr_line' id='line_1_25' title="bbox 215 2437 1499 2516; baseline 0 -19"><span class='ocrx_word' id='word_1_247' title='bbox 215 2446 345 2498; x_wconf 89' lang='lat' dir='ltr'><strong>mentem</strong></span> <span class='ocrx_word' id='word_1_248' title='bbox 368 2458 457 2498; x_wconf 91' lang='lat' dir='ltr'><strong>suam</strong></span> <span class='ocrx_word' id='word_1_249' title='bbox 481 2443 606 2498; x_wconf 88' lang='lat' dir='ltr'><strong>secutus</strong></span> <span class='ocrx_word' id='word_1_250' title='bbox 630 2440 747 2498; x_wconf 82' lang='lat' dir='ltr'><strong>inducit</strong></span> <span class='ocrx_word' id='word_1_251' title='bbox 770 2437 965 2511; x_wconf 79' lang='grc' dir='ltr'><em>διαλλακτάς,</em></span> <span class='ocrx_word' id='word_1_252' title='bbox 988 2459 1050 2498; x_wconf 87' lang='grc'><strong>111</strong></span> <span class='ocrx_word' id='word_1_253' title='bbox 1065 2441 1204 2509; x_wconf 79' lang='lat' dir='ltr'><strong>Dianam,</strong></span> <span class='ocrx_word' id='word_1_254' title='bbox 1231 2458 1310 2516; x_wconf 89' lang='lat' dir='ltr'><strong>quae</strong></span> <span class='ocrx_word' id='word_1_255' title='bbox 1334 2441 1499 2498; x_wconf 89' lang='lat' dir='ltr'><strong>secundum</strong></span> 
     </span>
     <span class='ocr_line' id='line_1_26' title="bbox 215 2529 1496 2604; baseline -0.001 -17"><span class='ocrx_word' id='word_1_256' title='bbox 215 2529 350 2604; x_wconf 89' lang='lat' dir='ltr'><strong>reliquos</strong></span> <span class='ocrx_word' id='word_1_257' title='bbox 375 2532 516 2588; x_wconf 88' lang='lat' dir='ltr'><strong>auctores</strong></span> <span class='ocrx_word' id='word_1_258' title='bbox 540 2529 750 2587; x_wconf 88' lang='lat' dir='ltr'><strong>reconciliavit</strong></span> <span class='ocrx_word' id='word_1_259' title='bbox 770 2530 988 2587; x_wconf 73' lang='lat' dir='ltr'><strong>discordantes,</strong></span> <span class='ocrx_word' id='word_1_260' title='bbox 1015 2530 1151 2588; x_wconf 79' lang='lat' dir='ltr'><strong>Alteram</strong></span> <span class='ocrx_word' id='word_1_261' title='bbox 1166 2532 1267 2586; x_wconf 88' lang='lat' dir='ltr'><strong>autem</strong></span> <span class='ocrx_word' id='word_1_262' title='bbox 1285 2530 1496 2596; x_wconf 88' lang='lat' dir='ltr'><strong>narrationem,</strong></span> 
     </span>
     <span class='ocr_line' id='line_1_27' title="bbox 215 2618 1497 2694; baseline -0.001 -18"><span class='ocrx_word' id='word_1_263' title='bbox 215 2620 247 2676; x_wconf 92' lang='lat' dir='ltr'><strong>in</strong></span> <span class='ocrx_word' id='word_1_264' title='bbox 272 2636 334 2693; x_wconf 90' lang='lat' dir='ltr'><strong>qua</strong></span> <span class='ocrx_word' id='word_1_265' title='bbox 357 2621 572 2676; x_wconf 90' lang='lat' dir='ltr'><strong>commemorat</strong></span> <span class='ocrx_word' id='word_1_266' title='bbox 594 2618 731 2685; x_wconf 87' lang='lat' dir='ltr'><strong>Dianam,</strong></span> <span class='ocrx_word' id='word_1_267' title='bbox 758 2618 824 2692; x_wconf 89' lang='lat' dir='ltr'><strong>ipse</strong></span> <span class='ocrx_word' id='word_1_268' title='bbox 848 2636 970 2694; x_wconf 92' lang='lat' dir='ltr'><strong>quoque</strong></span> <span class='ocrx_word' id='word_1_269' title='bbox 993 2619 1038 2685; x_wconf 86' lang='lat'><strong>111,</strong></span> <span class='ocrx_word' id='word_1_270' title='bbox 1059 2619 1077 2675; x_wconf 89' lang='lat'><strong>2</strong></span> <span class='ocrx_word' id='word_1_271' title='bbox 1103 2618 1201 2676; x_wconf 84' lang='grc'>111111.</span> <span class='ocrx_word' id='word_1_272' title='bbox 1240 2619 1307 2688; x_wconf 82' lang='lat' dir='ltr'><strong>Qua</strong></span> <span class='ocrx_word' id='word_1_273' title='bbox 1329 2619 1360 2674; x_wconf 93' lang='lat' dir='ltr'><strong>in</strong></span> <span class='ocrx_word' id='word_1_274' title='bbox 1384 2635 1416 2676; x_wconf 91' lang='grc'><strong>11</strong></span> <span class='ocrx_word' id='word_1_275' title='bbox 1432 2636 1497 2693; x_wconf 89' lang='lat' dir='ltr'><strong>pre-</strong></span> 
     </span>
     <span class='ocr_line' id='line_1_28' title="bbox 216 2704 1498 2785; baseline 0 -21"><span class='ocrx_word' id='word_1_276' title='bbox 216 2707 357 2764; x_wconf 91' lang='lat' dir='ltr'><strong>mendum</strong></span> <span class='ocrx_word' id='word_1_277' title='bbox 381 2725 450 2765; x_wconf 92' lang='lat' dir='ltr'><strong>esse</strong></span> <span class='ocrx_word' id='word_1_278' title='bbox 473 2707 574 2765; x_wconf 91' lang='lat' dir='ltr'><strong>iudico</strong></span> <span class='ocrx_word' id='word_1_279' title='bbox 598 2706 672 2763; x_wconf 91' lang='lat' dir='ltr'><strong>illud</strong></span> <span class='ocrx_word' id='word_1_280' title='bbox 696 2704 908 2785; x_wconf 72' lang='grc' dir='ltr'><em>ἀληθέστερον</em></span> <span class='ocrx_word' id='word_1_281' title='bbox 932 2705 968 2767; x_wconf 81' lang='grc' dir='ltr'><strong>δέ</strong></span> <span class='ocrx_word' id='word_1_282' title='bbox 990 2728 1068 2785; x_wconf 80' lang='grc' dir='ltr'><strong><em>φασι</em></strong></span> <span class='ocrx_word' id='word_1_283' title='bbox 1091 2705 1121 2767; x_wconf 79' lang='grc' dir='ltr'><strong>οἱ</strong></span> <span class='ocrx_word' id='word_1_284' title='bbox 1143 2704 1291 2785; x_wconf 81' lang='grc' dir='ltr'><em>λέγοντες.</em></span> <span class='ocrx_word' id='word_1_285' title='bbox 1335 2707 1498 2782; x_wconf 78' lang='lat' dir='ltr'><strong>Compara·</strong></span> 
     </span>
     <span class='ocr_line' id='line_1_29' title="bbox 216 2785 1498 2854; baseline 0 -1"><span class='ocrx_word' id='word_1_286' title='bbox 216 2797 313 2854; x_wconf 88' lang='lat' dir='ltr'><strong>tivum</strong></span> <span class='ocrx_word' id='word_1_287' title='bbox 342 2797 420 2854; x_wconf 87' lang='lat' dir='ltr'><strong>enim</strong></span> <span class='ocrx_word' id='word_1_288' title='bbox 447 2795 506 2854; x_wconf 93' lang='lat' dir='ltr'><strong>hoc</strong></span> <span class='ocrx_word' id='word_1_289' title='bbox 537 2796 604 2853; x_wconf 90' lang='lat' dir='ltr'><strong>loeo</strong></span> <span class='ocrx_word' id='word_1_290' title='bbox 633 2796 765 2853; x_wconf 86' lang='lat' dir='ltr'><strong>adhibet.</strong></span> <span class='ocrx_word' id='word_1_291' title='bbox 811 2796 920 2853; x_wconf 89' lang='lat' dir='ltr'><strong>Veram</strong></span> <span class='ocrx_word' id='word_1_292' title='bbox 947 2800 1049 2854; x_wconf 90' lang='lat' dir='ltr'><strong>autem</strong></span> <span class='ocrx_word' id='word_1_293' title='bbox 1080 2785 1283 2854; x_wconf 85' lang='lat' dir='ltr'><strong>narrationem</strong></span> <span class='ocrx_word' id='word_1_294' title='bbox 1314 2799 1424 2854; x_wconf 85' lang='lat' dir='ltr'><strong>auctor</strong></span> <span class='ocrx_word' id='word_1_295' title='bbox 1451 2796 1498 2853; x_wconf 92' lang='lat' dir='ltr'><strong>ille</strong></span> 
     </span>
     <span class='ocr_line' id='line_1_30' title="bbox 216 2885 1499 2960; baseline 0 -18"><span class='ocrx_word' id='word_1_296' title='bbox 216 2885 349 2943; x_wconf 86' lang='lat' dir='ltr'><strong>incertus</strong></span> <span class='ocrx_word' id='word_1_297' title='bbox 374 2885 527 2943; x_wconf 82' lang='lat' dir='ltr'><strong>sententia</strong></span> <span class='ocrx_word' id='word_1_298' title='bbox 549 2903 609 2942; x_wconf 91' lang='lat' dir='ltr'><strong>sua</strong></span> <span class='ocrx_word' id='word_1_299' title='bbox 632 2885 698 2958; x_wconf 91' lang='lat' dir='ltr'><strong>ipse</strong></span> <span class='ocrx_word' id='word_1_300' title='bbox 721 2885 848 2960; x_wconf 88' lang='lat' dir='ltr'><strong>praebet</strong></span> <span class='ocrx_word' id='word_1_301' title='bbox 870 2885 956 2944; x_wconf 92' lang='lat' dir='ltr'><strong>initio</strong></span> <span class='ocrx_word' id='word_1_302' title='bbox 980 2887 1046 2943; x_wconf 90' lang='lat' dir='ltr'><strong>eius</strong></span> <span class='ocrx_word' id='word_1_303' title='bbox 1067 2886 1207 2943; x_wconf 89' lang='lat' dir='ltr'><strong>anecdoti</strong></span> <span class='ocrx_word' id='word_1_304' title='bbox 1223 2885 1329 2960; x_wconf 86' lang='lat' dir='ltr'><strong>partis,</strong></span> <span class='ocrx_word' id='word_1_305' title='bbox 1356 2887 1499 2959; x_wconf 89' lang='lat' dir='ltr'><strong>quaeest</strong></span> 
     </span>
     <span class='ocr_line' id='line_1_31' title="bbox 216 2973 1498 3050; baseline 0.001 -20"><span class='ocrx_word' id='word_1_306' title='bbox 216 2975 253 3032; x_wconf 92' lang='lat' dir='ltr'><strong>de</strong></span> <span class='ocrx_word' id='word_1_307' title='bbox 270 2974 452 3031; x_wconf 89' lang='lat' dir='ltr'><strong>carminibus</strong></span> <span class='ocrx_word' id='word_1_308' title='bbox 474 2973 628 3031; x_wconf 88' lang='lat' dir='ltr'><strong>bucolicis.</strong></span> <span class='ocrx_word' id='word_1_309' title='bbox 663 2973 722 3032; x_wconf 83' lang='lat' dir='ltr'><strong>Sed</strong></span> <span class='ocrx_word' id='word_1_310' title='bbox 739 2973 821 3048; x_wconf 94' lang='lat' dir='ltr'><strong>quod</strong></span> <span class='ocrx_word' id='word_1_311' title='bbox 838 2974 920 3050; x_wconf 90' lang='lat' dir='ltr'><strong>apud</strong></span> <span class='ocrx_word' id='word_1_312' title='bbox 933 2975 1086 3032; x_wconf 83' lang='lat' dir='ltr'><strong>Romanos</strong></span> <span class='ocrx_word' id='word_1_313' title='bbox 1103 2974 1140 3031; x_wconf 92' lang='lat' dir='ltr'><strong>de</strong></span> <span class='ocrx_word' id='word_1_314' title='bbox 1157 2974 1421 3050; x_wconf 86' lang='lat' dir='ltr'><strong>Syracusanorum</strong></span> <span class='ocrx_word' id='word_1_315' title='bbox 1437 2974 1498 3031; x_wconf 90' lang='lat' dir='ltr'><strong>dis-</strong></span> 
     </span>
     <span class='ocr_line' id='line_1_32' title="bbox 216 3062 1497 3138; baseline -0.001 -17"><span class='ocrx_word' id='word_1_316' title='bbox 216 3063 320 3121; x_wconf 88' lang='lat' dir='ltr'><strong>cordia</strong></span> <span class='ocrx_word' id='word_1_317' title='bbox 342 3062 416 3119; x_wconf 92' lang='lat' dir='ltr'><strong>nihil</strong></span> <span class='ocrx_word' id='word_1_318' title='bbox 438 3063 600 3130; x_wconf 86' lang='lat' dir='ltr'><strong>invenitur,</strong></span> <span class='ocrx_word' id='word_1_319' title='bbox 626 3063 656 3119; x_wconf 88' lang='lat' dir='ltr'><strong>id</strong></span> <span class='ocrx_word' id='word_1_320' title='bbox 679 3062 757 3119; x_wconf 89' lang='lat' dir='ltr'><strong>fonti</strong></span> <span class='ocrx_word' id='word_1_321' title='bbox 780 3063 824 3118; x_wconf 89' lang='lat' dir='ltr'><strong>illi</strong></span> <span class='ocrx_word' id='word_1_322' title='bbox 848 3064 1007 3132; x_wconf 90' lang='lat' dir='ltr'><strong>communi,</strong></span> <span class='ocrx_word' id='word_1_323' title='bbox 1034 3081 1071 3120; x_wconf 85' lang='lat' dir='ltr'><strong>ex</strong></span> <span class='ocrx_word' id='word_1_324' title='bbox 1094 3080 1155 3138; x_wconf 94' lang='lat' dir='ltr'><strong>quo</strong></span> <span class='ocrx_word' id='word_1_325' title='bbox 1180 3066 1321 3121; x_wconf 85' lang='lat' dir='ltr'><strong>auctores</strong></span> <span class='ocrx_word' id='word_1_326' title='bbox 1342 3063 1497 3120; x_wconf 83' lang='lat' dir='ltr'><strong>Romanos</strong></span> 
     </span>
     <span class='ocr_line' id='line_1_33' title="bbox 215 3151 1497 3227; baseline 0 -19"><span class='ocrx_word' id='word_1_327' title='bbox 215 3152 359 3209; x_wconf 88' lang='lat' dir='ltr'><strong>hausisse</strong></span> <span class='ocrx_word' id='word_1_328' title='bbox 382 3152 519 3226; x_wconf 90' lang='lat' dir='ltr'><strong>equidem</strong></span> <span class='ocrx_word' id='word_1_329' title='bbox 543 3169 611 3209; x_wconf 90' lang='lat' dir='ltr'><strong>eum</strong></span> <span class='ocrx_word' id='word_1_330' title='bbox 633 3151 869 3210; x_wconf 86' lang='lat' dir='ltr'><strong>Reitzensteinio</strong></span> <span class='ocrx_word' id='word_1_331' title='bbox 893 3152 911 3210; x_wconf 92' lang='lat' dir='ltr'><strong>l.</strong></span> <span class='ocrx_word' id='word_1_332' title='bbox 936 3171 960 3210; x_wconf 91' lang='grc'><strong>1.</strong></span> <span class='ocrx_word' id='word_1_333' title='bbox 977 3171 1000 3210; x_wconf 88' lang='grc'><strong>1.</strong></span> <span class='ocrx_word' id='word_1_334' title='bbox 1017 3171 1045 3227; x_wconf 93' lang='lat' dir='ltr'><strong>p.</strong></span> <span class='ocrx_word' id='word_1_335' title='bbox 1069 3152 1131 3210; x_wconf 80' lang='lat'><strong>194</strong></span> <span class='ocrx_word' id='word_1_336' title='bbox 1155 3169 1273 3220; x_wconf 88' lang='lat' dir='ltr'><strong>censeo,</strong></span> <span class='ocrx_word' id='word_1_337' title='bbox 1299 3169 1365 3208; x_wconf 93' lang='lat' dir='ltr'><strong>meo</strong></span> <span class='ocrx_word' id='word_1_338' title='bbox 1387 3152 1497 3210; x_wconf 90' lang='lat' dir='ltr'><strong>iudicio</strong></span> 
     </span>
     <span class='ocr_line' id='line_1_34' title="bbox 217 3240 488 3298; baseline -0.007 0"><span class='ocrx_word' id='word_1_339' title='bbox 217 3243 264 3298; x_wconf 89' lang='lat' dir='ltr'><strong>est</strong></span> <span class='ocrx_word' id='word_1_340' title='bbox 286 3240 488 3298; x_wconf 90' lang='lat' dir='ltr'><strong>tribuendum.</strong></span> 
     </span>
    </p>

    <p class='ocr_par' dir='ltr' id='par_1_4' title="bbox 214 3329 1499 4383">
     <span class='ocr_line' id='line_1_35' title="bbox 308 3329 1495 3404; baseline 0 -18"><span class='ocrx_word' id='word_1_341' title='bbox 308 3329 340 3386; x_wconf 86' lang='lat' dir='ltr'><strong>Si</strong></span> <span class='ocrx_word' id='word_1_342' title='bbox 364 3329 548 3404; x_wconf 86' lang='lat' dir='ltr'><strong>quaerimus,</strong></span> <span class='ocrx_word' id='word_1_343' title='bbox 575 3346 707 3404; x_wconf 90' lang='lat' dir='ltr'><strong>quanam</strong></span> <span class='ocrx_word' id='word_1_344' title='bbox 736 3332 839 3387; x_wconf 90' lang='lat' dir='ltr'><strong>aetate</strong></span> <span class='ocrx_word' id='word_1_345' title='bbox 863 3331 1004 3388; x_wconf 90' lang='lat' dir='ltr'><strong>anecdoti</strong></span> <span class='ocrx_word' id='word_1_346' title='bbox 1027 3330 1165 3388; x_wconf 70' lang='lat' dir='ltr'><strong>distensis</strong></span> <span class='ocrx_word' id='word_1_347' title='bbox 1197 3348 1269 3404; x_wconf 88' lang='lat' dir='ltr'><strong>pars</strong></span> <span class='ocrx_word' id='word_1_348' title='bbox 1302 3329 1394 3386; x_wconf 87' lang='lat' dir='ltr'><strong>tertia</strong></span> <span class='ocrx_word' id='word_1_349' title='bbox 1425 3347 1495 3388; x_wconf 90' lang='lat' dir='ltr'><strong>con-</strong></span> 
     </span>
     <span class='ocr_line' id='line_1_36' title="bbox 217 3408 1499 3494; baseline 0 -18"><span class='ocrx_word' id='word_1_350' title='bbox 217 3417 334 3492; x_wconf 88' lang='lat' dir='ltr'><strong>scripta</strong></span> <span class='ocrx_word' id='word_1_351' title='bbox 357 3436 426 3476; x_wconf 89' lang='lat' dir='ltr'><strong>esse</strong></span> <span class='ocrx_word' id='word_1_352' title='bbox 450 3418 600 3482; x_wconf 82' lang='lat' dir='ltr'><strong>videatur,</strong></span> <span class='ocrx_word' id='word_1_353' title='bbox 635 3408 724 3476; x_wconf 86' lang='lat' dir='ltr'><strong>nobis</strong></span> <span class='ocrx_word' id='word_1_354' title='bbox 756 3436 824 3476; x_wconf 91' lang='lat' dir='ltr'><strong>mea</strong></span> <span class='ocrx_word' id='word_1_355' title='bbox 848 3419 968 3494; x_wconf 91' lang='lat' dir='ltr'><strong>quidem</strong></span> <span class='ocrx_word' id='word_1_356' title='bbox 1001 3419 1155 3477; x_wconf 89' lang='lat' dir='ltr'><strong>sententia</strong></span> <span class='ocrx_word' id='word_1_357' title='bbox 1185 3419 1420 3492; x_wconf 84' lang='lat' dir='ltr'><strong>confugiendum</strong></span> <span class='ocrx_word' id='word_1_358' title='bbox 1453 3420 1499 3476; x_wconf 91' lang='lat' dir='ltr'><strong>est</strong></span> 
     </span>
     <span class='ocr_line' id='line_1_37' title="bbox 217 3504 1498 3586; baseline 0.002 -22"><span class='ocrx_word' id='word_1_359' title='bbox 217 3507 258 3564; x_wconf 89' lang='lat' dir='ltr'><strong>ad</strong></span> <span class='ocrx_word' id='word_1_360' title='bbox 281 3506 360 3564; x_wconf 87' lang='lat' dir='ltr'><strong>alias</strong></span> <span class='ocrx_word' id='word_1_361' title='bbox 385 3507 526 3565; x_wconf 90' lang='lat' dir='ltr'><strong>anecdoti</strong></span> <span class='ocrx_word' id='word_1_362' title='bbox 542 3507 761 3582; x_wconf 89' lang='lat' dir='ltr'><strong>paragraphos,</strong></span> <span class='ocrx_word' id='word_1_363' title='bbox 788 3508 934 3582; x_wconf 90' lang='lat' dir='ltr'><strong>imprimis</strong></span> <span class='ocrx_word' id='word_1_364' title='bbox 959 3509 998 3565; x_wconf 91' lang='lat' dir='ltr'><strong>ad</strong></span> <span class='ocrx_word' id='word_1_365' title='bbox 1021 3526 1097 3572; x_wconf 85' lang='lat' dir='ltr'><strong>eam,</strong></span> <span class='ocrx_word' id='word_1_366' title='bbox 1122 3508 1154 3564; x_wconf 91' lang='lat' dir='ltr'><strong>in</strong></span> <span class='ocrx_word' id='word_1_367' title='bbox 1177 3525 1240 3582; x_wconf 91' lang='lat' dir='ltr'><strong>qua</strong></span> <span class='ocrx_word' id='word_1_368' title='bbox 1262 3525 1325 3566; x_wconf 85' lang='lat' dir='ltr'><strong>vox</strong></span> <span class='ocrx_word' id='word_1_369' title='bbox 1339 3504 1498 3586; x_wconf 83' lang='grc' dir='ltr'><em>βουκόλος</em></span> 
     </span>
     <span class='ocr_line' id='line_1_38' title="bbox 217 3595 1497 3671; baseline 0 -19"><span class='ocrx_word' id='word_1_370' title='bbox 217 3596 381 3654; x_wconf 86' lang='lat' dir='ltr'><strong>derivatur.</strong></span> <span class='ocrx_word' id='word_1_371' title='bbox 432 3595 628 3653; x_wconf 89' lang='lat' dir='ltr'><strong>Praemittam</strong></span> <span class='ocrx_word' id='word_1_372' title='bbox 663 3599 765 3654; x_wconf 91' lang='lat' dir='ltr'><strong>autem</strong></span> <span class='ocrx_word' id='word_1_373' title='bbox 799 3597 831 3653; x_wconf 92' lang='lat' dir='ltr'><strong>in</strong></span> <span class='ocrx_word' id='word_1_374' title='bbox 863 3597 971 3654; x_wconf 89' lang='lat' dir='ltr'><strong>ultima</strong></span> <span class='ocrx_word' id='word_1_375' title='bbox 1002 3597 1142 3654; x_wconf 87' lang='lat' dir='ltr'><strong>anecdoti</strong></span> <span class='ocrx_word' id='word_1_376' title='bbox 1176 3596 1367 3671; x_wconf 84' lang='lat' dir='ltr'><strong>paragrapho</strong></span> <span class='ocrx_word' id='word_1_377' title='bbox 1404 3599 1436 3655; x_wconf 91' lang='lat' dir='ltr'><strong>et</strong></span> <span class='ocrx_word' id='word_1_378' title='bbox 1468 3597 1497 3654; x_wconf 96' lang='lat' dir='ltr'><strong>in</strong></span> 
     </span>
     <span class='ocr_line' id='line_1_39' title="bbox 216 3683 1495 3762; baseline -0.001 -20"><span class='ocrx_word' id='word_1_379' title='bbox 216 3684 439 3759; x_wconf 83' lang='lat' dir='ltr'><strong>prolegomenis</strong></span> <span class='ocrx_word' id='word_1_380' title='bbox 471 3686 510 3742; x_wconf 91' lang='lat' dir='ltr'><strong>ab</strong></span> <span class='ocrx_word' id='word_1_381' title='bbox 533 3684 684 3742; x_wconf 89' lang='lat' dir='ltr'><strong>Ahrensio</strong></span> <span class='ocrx_word' id='word_1_382' title='bbox 709 3685 821 3760; x_wconf 90' lang='lat' dir='ltr'><strong>publici</strong></span> <span class='ocrx_word' id='word_1_383' title='bbox 852 3685 927 3743; x_wconf 89' lang='lat' dir='ltr'><strong>iuris</strong></span> <span class='ocrx_word' id='word_1_384' title='bbox 959 3686 1050 3743; x_wconf 88' lang='lat' dir='ltr'><strong>iactis</strong></span> <span class='ocrx_word' id='word_1_385' title='bbox 1082 3686 1119 3762; x_wconf 77' lang='lat' dir='ltr'><strong>(p.</strong></span> <span class='ocrx_word' id='word_1_386' title='bbox 1138 3683 1167 3762; x_wconf 76' lang='lat'><strong>7)</strong></span> <span class='ocrx_word' id='word_1_387' title='bbox 1199 3685 1325 3744; x_wconf 90' lang='lat' dir='ltr'><strong>Luciani</strong></span> <span class='ocrx_word' id='word_1_388' title='bbox 1356 3685 1495 3759; x_wconf 90' lang='lat' dir='ltr'><strong>dialogos</strong></span> 
     </span>
     <span class='ocr_line' id='line_1_40' title="bbox 217 3773 1498 3850; baseline -0.001 -19"><span class='ocrx_word' id='word_1_389' title='bbox 217 3774 453 3831; x_wconf 88' lang='lat' dir='ltr'><strong>commemorari.</strong></span> <span class='ocrx_word' id='word_1_390' title='bbox 501 3774 568 3843; x_wconf 81' lang='lat' dir='ltr'><strong>Qua</strong></span> <span class='ocrx_word' id='word_1_391' title='bbox 591 3773 626 3830; x_wconf 92' lang='lat' dir='ltr'><strong>de</strong></span> <span class='ocrx_word' id='word_1_392' title='bbox 651 3792 748 3831; x_wconf 87' lang='lat' dir='ltr'><strong>causa</strong></span> <span class='ocrx_word' id='word_1_393' title='bbox 771 3774 1011 3832; x_wconf 91' lang='lat' dir='ltr'><strong>concludendum</strong></span> <span class='ocrx_word' id='word_1_394' title='bbox 1042 3793 1111 3832; x_wconf 90' lang='lat' dir='ltr'><strong>esse</strong></span> <span class='ocrx_word' id='word_1_395' title='bbox 1144 3792 1253 3832; x_wconf 89' lang='lat' dir='ltr'><strong>censeo</strong></span> <span class='ocrx_word' id='word_1_396' title='bbox 1285 3773 1498 3850; x_wconf 89' lang='lat' dir='ltr'><strong>prolegomena</strong></span> 
     </span>
     <span class='ocr_line' id='line_1_41' title="bbox 217 3862 1495 3938; baseline 0.001 -19"><span class='ocrx_word' id='word_1_397' title='bbox 217 3863 343 3931; x_wconf 85' lang='lat' dir='ltr'><strong>Graeca,</strong></span> <span class='ocrx_word' id='word_1_398' title='bbox 379 3862 483 3937; x_wconf 90' lang='lat' dir='ltr'><strong>qualia</strong></span> <span class='ocrx_word' id='word_1_399' title='bbox 514 3865 647 3920; x_wconf 90' lang='lat' dir='ltr'><strong>aetatem</strong></span> <span class='ocrx_word' id='word_1_400' title='bbox 674 3862 819 3930; x_wconf 87' lang='lat' dir='ltr'><strong>tulerunt,</strong></span> <span class='ocrx_word' id='word_1_401' title='bbox 852 3867 925 3938; x_wconf 91' lang='lat' dir='ltr'><strong>post</strong></span> <span class='ocrx_word' id='word_1_402' title='bbox 946 3863 1073 3921; x_wconf 90' lang='lat' dir='ltr'><strong>Luciani</strong></span> <span class='ocrx_word' id='word_1_403' title='bbox 1095 3866 1232 3938; x_wconf 86' lang='lat' dir='ltr'><strong>tempora</strong></span> <span class='ocrx_word' id='word_1_404' title='bbox 1256 3881 1325 3922; x_wconf 90' lang='lat' dir='ltr'><strong>esse</strong></span> <span class='ocrx_word' id='word_1_405' title='bbox 1349 3863 1495 3922; x_wconf 84' lang='lat' dir='ltr'><strong>coniecta</strong></span> 
     </span>
     <span class='ocr_line' id='line_1_42' title="bbox 216 3949 1497 4030; baseline 0.002 -22"><span class='ocrx_word' id='word_1_406' title='bbox 216 3951 318 4010; x_wconf 90' lang='lat' dir='ltr'><strong>Primo</strong></span> <span class='ocrx_word' id='word_1_407' title='bbox 342 3949 445 4009; x_wconf 81' lang='lat' dir='ltr'><strong>autem</strong></span> <span class='ocrx_word' id='word_1_408' title='bbox 468 3952 536 4009; x_wconf 91' lang='lat' dir='ltr'><strong>loco</strong></span> <span class='ocrx_word' id='word_1_409' title='bbox 559 3952 591 4009; x_wconf 93' lang='grc'><strong>11</strong></span> <span class='ocrx_word' id='word_1_410' title='bbox 615 3953 764 4010; x_wconf 89' lang='lat' dir='ltr'><strong>anecdoto</strong></span> <span class='ocrx_word' id='word_1_411' title='bbox 789 3953 852 4009; x_wconf 82' lang='lat' dir='ltr'><strong>Est.</strong></span> <span class='ocrx_word' id='word_1_412' title='bbox 876 3953 951 4010; x_wconf 91' lang='lat' dir='ltr'><strong>haec</strong></span> <span class='ocrx_word' id='word_1_413' title='bbox 975 3953 1128 4025; x_wconf 86' lang='lat' dir='ltr'><strong>leguntur:</strong></span> <span class='ocrx_word' id='word_1_414' title='bbox 1160 3949 1205 4011; x_wconf 86' lang='grc' dir='ltr'><strong>ὅτι</strong></span> <span class='ocrx_word' id='word_1_415' title='bbox 1228 3949 1395 4030; x_wconf 77' lang='grc' dir='ltr'><em>βουκόλος,</em></span> <span class='ocrx_word' id='word_1_416' title='bbox 1420 3949 1497 4012; x_wconf 72' lang='grc' dir='ltr'><em>ὅθεν</em></span> 
     </span>
     <span class='ocr_line' id='line_1_43' title="bbox 216 4036 1496 4120; baseline -0.001 -21"><span class='ocrx_word' id='word_1_417' title='bbox 216 4037 270 4099; x_wconf 81' lang='grc' dir='ltr'><strong>καὶ</strong></span> <span class='ocrx_word' id='word_1_418' title='bbox 297 4038 481 4118; x_wconf 81' lang='grc' dir='ltr'><em>βουκολικά,</em></span> <span class='ocrx_word' id='word_1_419' title='bbox 512 4038 629 4119; x_wconf 84' lang='grc' dir='ltr'><em>λέγεται</em></span> <span class='ocrx_word' id='word_1_420' title='bbox 653 4038 758 4100; x_wconf 83' lang='grc' dir='ltr'><em>ὁτῶν</em></span> <span class='ocrx_word' id='word_1_421' title='bbox 788 4039 878 4120; x_wconf 84' lang='grc' dir='ltr'><em>βοῶν</em></span> <span class='ocrx_word' id='word_1_422' title='bbox 908 4037 1024 4120; x_wconf 86' lang='grc' dir='ltr'><em>νομεὺς</em></span> <span class='ocrx_word' id='word_1_423' title='bbox 1054 4039 1101 4107; x_wconf 85' lang='grc' dir='ltr'><strong>ὡς</strong></span> <span class='ocrx_word' id='word_1_424' title='bbox 1129 4039 1190 4118; x_wconf 85' lang='grc' dir='ltr'><strong>μέν</strong></span> <span class='ocrx_word' id='word_1_425' title='bbox 1211 4062 1298 4110; x_wconf 84' lang='grc' dir='ltr'><em>τινες,</em></span> <span class='ocrx_word' id='word_1_426' title='bbox 1328 4043 1441 4108; x_wconf 83' lang='grc' dir='ltr'><em>κακῶς</em></span> <span class='ocrx_word' id='word_1_427' title='bbox 1463 4036 1496 4099; x_wconf 86' lang='grc' dir='ltr'><strong>τὸ</strong></span> 
     </span>
     <span class='ocr_line' id='line_1_44' title="bbox 214 4125 1495 4210; baseline -0.002 -22"><span class='ocrx_word' id='word_1_428' title='bbox 214 4127 333 4207; x_wconf 84' lang='grc' dir='ltr'><em>ἔτυμον</em></span> <span class='ocrx_word' id='word_1_429' title='bbox 355 4127 505 4210; x_wconf 85' lang='grc' dir='ltr'><em>λέγοντες,</em></span> <span class='ocrx_word' id='word_1_430' title='bbox 528 4125 616 4208; x_wconf 84' lang='grc' dir='ltr'><em>παρὰ</em></span> <span class='ocrx_word' id='word_1_431' title='bbox 639 4125 674 4188; x_wconf 85' lang='grc' dir='ltr'><strong>τὸ</strong></span> <span class='ocrx_word' id='word_1_432' title='bbox 698 4127 777 4208; x_wconf 83' lang='grc' dir='ltr'><em>βοῦς</em></span> <span class='ocrx_word' id='word_1_433' title='bbox 800 4127 854 4189; x_wconf 78' lang='grc' dir='ltr'><strong>καὶ</strong></span> <span class='ocrx_word' id='word_1_434' title='bbox 876 4125 911 4189; x_wconf 85' lang='grc' dir='ltr'><strong>τὸ</strong></span> <span class='ocrx_word' id='word_1_435' title='bbox 928 4128 1031 4208; x_wconf 87' lang='grc' dir='ltr'><em>ῥονεῖν</em></span> <span class='ocrx_word' id='word_1_436' title='bbox 1046 4127 1081 4189; x_wconf 84' lang='grc' dir='ltr'><strong>τὸ</strong></span> <span class='ocrx_word' id='word_1_437' title='bbox 1103 4127 1238 4208; x_wconf 77' lang='grc' dir='ltr'><em>ἐνεργεῖν</em></span> <span class='ocrx_word' id='word_1_438' title='bbox 1253 4127 1307 4189; x_wconf 83' lang='grc' dir='ltr'><strong>καὶ</strong></span> <span class='ocrx_word' id='word_1_439' title='bbox 1324 4128 1495 4209; x_wconf 82' lang='grc' dir='ltr'><em>διατρίβειν.</em></span> 
     </span>
     <span class='ocr_line' id='line_1_45' title="bbox 217 4215 1497 4298; baseline -0.002 -21"><span class='ocrx_word' id='word_1_440' title='bbox 217 4215 307 4295; x_wconf 85' lang='grc' dir='ltr'><em>ῥονεῖ</em></span> <span class='ocrx_word' id='word_1_441' title='bbox 327 4215 387 4297; x_wconf 84' lang='grc' dir='ltr'><strong>γὰρ</strong></span> <span class='ocrx_word' id='word_1_442' title='bbox 411 4219 430 4298; x_wconf 84' lang='grc' dir='ltr'><em>ἢ</em></span> <span class='ocrx_word' id='word_1_443' title='bbox 455 4217 576 4297; x_wconf 82' lang='grc' dir='ltr'><em>ἐνεργεῖ</em></span> <span class='ocrx_word' id='word_1_444' title='bbox 601 4239 628 4277; x_wconf 78' lang='grc' dir='ltr'><strong>τι</strong></span> <span class='ocrx_word' id='word_1_445' title='bbox 658 4215 729 4297; x_wconf 81' lang='grc' dir='ltr'><em>περὶ</em></span> <span class='ocrx_word' id='word_1_446' title='bbox 761 4215 816 4284; x_wconf 83' lang='grc' dir='ltr'><strong>τὰς</strong></span> <span class='ocrx_word' id='word_1_447' title='bbox 846 4216 925 4296; x_wconf 87' lang='grc' dir='ltr'><em>βοῦς</em></span> <span class='ocrx_word' id='word_1_448' title='bbox 949 4217 967 4278; x_wconf 85' lang='grc' dir='ltr'>ὁ</span> <span class='ocrx_word' id='word_1_449' title='bbox 990 4216 1155 4298; x_wconf 80' lang='grc' dir='ltr'><em>βουκόλος.</em></span> <span class='ocrx_word' id='word_1_450' title='bbox 1201 4218 1267 4276; x_wconf 88' lang='grc' dir='ltr'><strong>Η11</strong></span> <span class='ocrx_word' id='word_1_451' title='bbox 1299 4219 1368 4277; x_wconf 89' lang='grc'>1111</span> <span class='ocrx_word' id='word_1_452' title='bbox 1401 4219 1497 4278; x_wconf 92' lang='lat' dir='ltr'><strong>mani-</strong></span> 
     </span>
     <span class='ocr_line' id='line_1_46' title="bbox 216 4306 1494 4383; baseline 0 -19"><span class='ocrx_word' id='word_1_453' title='bbox 216 4307 330 4364; x_wconf 84' lang='grc'>111111</span> <span class='ocrx_word' id='word_1_454' title='bbox 354 4308 555 4383; x_wconf 88' lang='lat' dir='ltr'><strong>corruptelam</strong></span> <span class='ocrx_word' id='word_1_455' title='bbox 579 4306 710 4365; x_wconf 89' lang='grc'>1111111</span> <span class='ocrx_word' id='word_1_456' title='bbox 735 4308 943 4383; x_wconf 86' lang='lat' dir='ltr'><strong>manuscripto</strong></span> <span class='ocrx_word' id='word_1_457' title='bbox 975 4312 1096 4366; x_wconf 89' lang='lat' dir='ltr'><strong>exstare</strong></span> <span class='ocrx_word' id='word_1_458' title='bbox 1125 4325 1243 4366; x_wconf 87' lang='lat' dir='ltr'><strong>censeo.</strong></span> <span class='ocrx_word' id='word_1_459' title='bbox 1290 4307 1395 4383; x_wconf 93' lang='lat' dir='ltr'><strong>Neque</strong></span> <span class='ocrx_word' id='word_1_460' title='bbox 1420 4309 1494 4366; x_wconf 91' lang='lat' dir='ltr'><strong>enim</strong></span> 
     </span>
    </p>
   </div>
   <div class='ocr_carea' id='block_1_4' title="bbox 305 4477 1347 4570">
    <p class='ocr_par' dir='ltr' id='par_1_5' title="bbox 305 4477 1347 4570">
     <span class='ocr_line' id='line_1_47' title="bbox 305 4477 1347 4570; baseline 0.006 -18"><span class='ocrx_word' id='word_1_461' title='bbox 305 4500 323 4568; x_wconf 83' lang='lat'><strong>1)</strong></span> <span class='ocrx_word' id='word_1_462' title='bbox 344 4499 380 4553; x_wconf 88' lang='lat' dir='ltr'><strong>cl.</strong></span> <span class='ocrx_word' id='word_1_463' title='bbox 400 4499 539 4553; x_wconf 83' lang='lat' dir='ltr'><strong>Helinium</strong></span> <span class='ocrx_word' id='word_1_464' title='bbox 557 4498 585 4552; x_wconf 90' lang='lat' dir='ltr'><strong>in</strong></span> <span class='ocrx_word' id='word_1_465' title='bbox 606 4497 700 4552; x_wconf 90' lang='lat' dir='ltr'><strong>annal.</strong></span> <span class='ocrx_word' id='word_1_466' title='bbox 719 4497 891 4553; x_wconf 82' lang='lat' dir='ltr'><strong>Fleckeisen.</strong></span> <span class='ocrx_word' id='word_1_467' title='bbox 910 4477 965 4552; x_wconf 86' lang='lat' dir='ltr'><strong>vol.</strong></span> <span class='ocrx_word' id='word_1_468' title='bbox 986 4497 1037 4552; x_wconf 81' lang='lat'><strong>153</strong></span> <span class='ocrx_word' id='word_1_469' title='bbox 1058 4497 1146 4566; x_wconf 72' lang='lat'>(1896)</span> <span class='ocrx_word' id='word_1_470' title='bbox 1166 4515 1195 4569; x_wconf 90' lang='lat' dir='ltr'><strong>p.</strong></span> <span class='ocrx_word' id='word_1_471' title='bbox 1212 4498 1266 4553; x_wconf 76' lang='lat'><strong>457</strong></span> <span class='ocrx_word' id='word_1_472' title='bbox 1284 4515 1347 4570; x_wconf 79' lang='lat' dir='ltr'><strong>sqq·</strong></span> 
     </span>
    </p>
   </div>
   <div class='ocr_carea' id='block_1_5' title="bbox 0 0 1600 4944">
    <p class='ocr_par' dir='ltr' id='par_1_6' title="bbox 0 0 1600 4944">
     <span class='ocr_line' id='line_1_48' title="bbox 0 0 1600 4944; baseline 0 0"><span class='ocrx_word' id='word_1_473' title='bbox 0 0 1600 4944; x_wconf 95' lang='lat' dir='ltr'><strong> </strong></span> 
     </span>
    </p>
   </div>
  </div>
 </body>
</html>
