3190 4944
642 244 863 303 „pp-

109 419 238 500 ἒλάφων
269 419 434 499 προέκειτο
466 419 579 488 αὐτοῖς.
624 418 704 501 μετὰ
734 420 841 501 χεῖράς
870 443 902 482 τε
931 418 1016 501 εἶχον
1038 420 1234 503 λαγωβόλον.
1281 423 1396 494 Quibus
1449 413 1451 416 ¹

109 511 258 585 expositis
287 511 337 568 ille
370 528 407 569 ex
438 511 606 586 improviso
634 512 712 569 redit
735 512 774 568 ad
797 529 903 586 paoem
926 529 1021 587 supra
1044 515 1317 570 commemoratam.
1363 513 1395 570 1d

109 600 189 674 quod
222 617 258 657 eo
292 599 419 657 consilio
443 600 531 668 lecit,
565 603 600 658 ut
622 617 731 658 versus
755 601 825 658 illos
849 602 1104 676 interpretaretur.
1151 601 1209 659 Sed
1233 602 1395 676 praecipue

109 689 360 746 considerandum
393 689 496 747 estin
518 689 659 747 versibus
681 689 743 747 illis
767 690 818 764 agi
841 691 877 748 de
901 691 972 757 dea,
998 708 1089 766 quam
1112 690 1242 748 Dianam
1266 709 1335 748 esse
1359 707 1396 747 ex

108 779 199 835 Probi
223 780 255 835 et
270 778 425 836 Diomedis
449 778 526 836 locis
551 797 574 836 s.
600 797 624 836 e.
648 779 850 836 meoiudicio
874 782 1009 854 apparet.
1048 779 1155 854 ltaque
1179 779 1250 836 mihi
1274 780 1395 855 quidem

107 867 229 924 videtur
245 867 302 924 hoc
318 869 471 924 tractatus
496 867 563 925 loco
588 869 716 925 materia
740 869 779 926 ab
796 871 920 926 auctore
935 869 1106 943 Byzantino
1123 886 1192 926 asse
1208 870 1394 942 perturbata.

27 1027 29 1032 Ι
108 956 224 1016 Contra
256 956 335 1032 apud
369 955 502 1014 Probum
533 959 564 1014 et
593 956 768 1014 Diomedem
799 957 968 1031 disputatio
1001 957 1133 1014 dilucida
1160 974 1221 1015 non
1260 958 1396 1014 continet

108 1045 305 1103 offensiones,
357 1045 415 1102 Sed
444 1046 618 1120 quaeritur,
650 1048 752 1103 utrum
784 1064 837 1112 ea,
872 1063 951 1121 quae
984 1047 1020 1104 de
1051 1047 1133 1103 Pane
1160 1046 1332 1104 invenimus
1362 1046 1394 1104 in

108 1135 258 1192 anecdoto
287 1133 360 1202 nst..
393 1134 515 1192 omnino
545 1135 606 1193 sint
638 1135 797 1193 abicienda
827 1152 928 1193 necne.
976 1135 1125 1210 Scriptum
1157 1136 1235 1192 enim
1266 1136 1394 1207 legimus

108 1223 188 1298 apud
223 1222 361 1280 Servium
391 1220 538 1297 1111p.1
566 1224 611 1281 ed.
636 1222 739 1281 Thilo:
772 1223 842 1299 cAlii
870 1242 930 1282 non
960 1224 1093 1293 Dianae,
1127 1225 1181 1282 sed
1209 1224 1395 1298 Apollini

107 1312 245 1370 Nomio
278 1314 489 1370 consecratum
522 1330 642 1370 carmen
673 1313 731 1370 boo
758 1313 882 1381 volunt,
911 1331 978 1387 'quo
1009 1316 1144 1388 tempore
1167 1313 1286 1372 Admeti
1314 1313 1393 1388 regis

107 1401 195 1476 pavit
211 1405 356 1459 armenta.
392 1400 445 1458 alii
461 1401 583 1460 rusticis
600 1402 783 1459 carminibus
800 1420 819 1458 a
834 1403 1012 1476 pastoribus
1029 1403 1163 1460 dicatum
1178 1403 1236 1461 boo
1253 1405 1396 1460 asserunt

108 1507 236 1557 carmen,
262 1493 298 1548 ut
320 1490 437 1557 Pani,
462 1490 618 1559 faunis,
648 1490 817 1566 nymphis
842 1509 883 1548 ac
907 1489 1073 1566 satyris’‚
1110 1495 1141 1548 et
1170 1491 1252 1567 apud
1276 1492 1394 1549 lunium

107 1579 331 1653 Philargyrium
362 1575 425 1636 111²
455 1597 483 1653 p.
503 1579 561 1638 ll:
600 1580 668 1657 ,Alii
699 1579 886 1654 Apollini
918 1578 1064 1659 νομίῳ,
1099 1581 1247 1655 pastorali
1279 1581 1396 1638 scilicet

107 1668 178 1736 Deo,
206 1685 269 1743 qua
290 1671 474 1743 tempestate
497 1669 616 1726 Admeti
640 1670 736 1726 boves
760 1672 901 1745 paverat,
928 1669 980 1726 alii
1003 1670 1110 1727 Libero
1134 1670 1341 1745 Nympharum
1365 1673 1395 1726 et

109 1757 289 1832 Satyrorum
313 1759 344 1814 et
366 1757 395 1814 id
413 1775 509 1832 genus
526 1758 682 1815 numinum
698 1758 835 1832 principi,
861 1758 971 1833 quibus
987 1758 1088 1832 placet
1102 1759 1250 1816 rusticum
1266 1776 1394 1815 carmen.

107 1845 167 1902 Alii
197 1845 363 1914 Mercurio,
396 1846 566 1920 Daphnidis
597 1847 694 1921 patri,
727 1850 887 1922 pastorum
918 1848 1051 1905 omnium
1088 1848 1223 1923 principi.
1273 1847 1333 1905 Alii
1363 1848 1395 1904 in

109 1935 297 1992 honorem
320 1934 451 1992 Panos
482 1935 675 2010 peculiariter
706 1936 796 1993 scribi
819 1939 937 2010 putant.
983 1936 1123 2011 Plerique
1147 1955 1167 1994 a
1190 1936 1419 2011 Syracusanis-

108 2025 235 2097 primum
265 2024 475 2098 compositum.
522 2025 604 2095 Quae
634 2039 701 2081 cum
730 2026 832 2082 omnia
856 2026 1007 2093 dicantur,
1038 2025 1130 2082 illud
1159 2025 1232 2083 erit
1261 2026 1396 2101 proba·

108 2113 307 2180 tissimum,
348 2113 602 2171 Bucolicorum
642 2131 784 2170 carmen
819 2114 994 2187 originem
1030 2115 1160 2172 ducere
1200 2133 1220 2171 a
1257 2115 1394 2189 priscis

108 2201 351 2276 temporibus,
385 2203 523 2277 quibus
554 2203 632 2260 vita
664 2202 870 2276 pastoralis
895 2201 1150 2261 exercebatur?
1198 2204 1310 2261 Eadem
1332 2204 1395 2260 iere

109 2293 202 2348 verba
226 2291 421 2347 inveniuntur
443 2291 474 2347 in
490 2291 612 2365 Vergilii
637 2292 702 2348 vita
725 2292 762 2349 de
778 2292 892 2349 Donati
916 2292 1130 2350 commentario
1154 2291 1279 2349 sublata
1302 2292 1394 2370 (apud

110 2379 277 2452 Hagenium
309 2380 340 2436 in
372 2379 498 2438 scholiis
522 2379 727 2438 Beruensibus
753 2381 791 2436 ad
815 2381 939 2454 Vergilii
963 2379 1108 2438 Bucolica
1131 2383 1223 2455 atque
1247 2381 1396 2453 Georgica

110 2486 136 2543 p.
155 2466 238 2544 742).
286 2468 477 2527 Scholiastae
508 2471 610 2526 autem
641 2469 717 2526 haec
747 2470 841 2527 verba
869 2470 1010 2527 afferam:
1049 2470 1116 2546 talii
1146 2471 1183 2527 in
1212 2470 1395 2528 honorem

110 2557 241 2614 Panos
266 2558 356 2615 scribi
372 2562 491 2632 putant,
516 2558 707 2634 peculiariter
723 2558 889 2633 pastoralis
906 2558 962 2627 dei,
990 2555 1040 2638 [et]
1065 2559 1149 2616 item
1166 2558 1294 2628 Sileni,
1321 2559 1394 2615 Sil-

110 2647 205 2703 vani
230 2649 352 2720 atque
376 2646 621 2705 Faunorum?
659 2647 777 2716 Quibus
802 2665 871 2704 cum
893 2647 970 2705 locis
995 2648 1022 2706 si
1046 2648 1187 2705 anecdoti
1202 2649 1297 2706 verba
1313 2665 1395 2705 com·

110 2735 336 2809 paraverimus,
369 2736 458 2793 facile
489 2737 553 2793 fore
585 2738 623 2794 ad
649 2736 881 2811 intellegendum
904 2737 1005 2794 iudico
1029 2737 1060 2794 in
1083 2737 1167 2795 fonte
1190 2737 1243 2794 illo
1267 2737 1392 2803 Graeco,

110 2842 145 2881 ex
171 2841 232 2898 quo
257 2827 288 2882 et
311 2825 418 2882 Graeci
443 2827 473 2882 et
495 2826 624 2883 Romani
648 2829 789 2884 auctores
813 2826 958 2900 pendent,
983 2826 1097 2883 Panem
1121 2843 1190 2884 esse
1213 2843 1393 2884 commemo-

110 2916 226 2981 ratum;
251 2913 303 2970 sed
328 2914 463 2971 fortasse
488 2917 544 2972 sub
568 2915 659 2972 iinem
682 2917 780 2973 totius
805 2915 915 2990 capitis
939 2915 976 2971 de
1000 2916 1164 2972 carminum
1188 2915 1394 2972 bucolicorum

109 3002 223 3075 origine
248 3003 419 3077 conscripti,
445 3003 476 3059 id
500 3004 582 3078 quod
606 3004 686 3078 apud
710 3005 867 3062 Romanos
890 3004 1006 3060 tactum
1030 3021 1098 3061 esse
1122 3004 1278 3080 videmus,
1302 3003 1394 3061 buius

109 3094 156 3149 est
178 3091 257 3147 ratio
282 3091 397 3149 habita.
435 3092 543 3167 ltaque
565 3093 681 3150 factum
706 3097 761 3160 est,
787 3095 823 3150 ut
845 3093 876 3150 in
899 3092 1120 3167 prolegomenis
1145 3093 1183 3150 ad
1204 3089 1395 3151 Theocritum

110 3180 233 3237 Graecis
257 3181 323 3237 Pan
346 3181 468 3238 omnino
493 3181 706 3255 neglegerctur,
734 3183 815 3256 quod
839 3182 915 3239 haec
938 3200 1009 3257 pars
1033 3182 1121 3239 facile
1145 3181 1322 3238 intercidere
1339 3199 1395 3256 po-

107 3271 195 3326 terat.
243 3269 383 3344 Suppleri
407 3272 508 3326 autem
533 3273 654 3344 poterat
677 3271 846 3344 disputatio
871 3270 1004 3328 scholiis
1043 3271 1144 3328 Veluti
1167 3271 1198 3327 in
1222 3271 1338 3329 scholio
1355 3271 1394 3328 ad

108 3357 191 3432 idyll.
216 3357 237 3422 Ι,
257 3357 285 3415 3.
314 3376 342 3433 p.
365 3358 416 3426 34,
432 3359 482 3417 26.
506 3359 633 3416 Abrens
665 3360 811 3434 scriptum
842 3360 985 3434 legimus:
1016 3358 1070 3420 καὶ
1100 3356 1135 3418 τὸ
1162 3357 1222 3438 μὲν
1251 3358 1395 3438 κεράτων

109 3443 302 3525 ἀπομίμημα
334 3444 422 3525 ἡλίου
446 3445 500 3507 καὶ
524 3445 655 3527 σελήνης
678 3445 732 3506 καὶ
753 3447 929 3526 μηνίσκους
952 3447 1048 3527 φασὶν
1072 3446 1163 3517 εἶναι,
1195 3445 1230 3508 τὸ
1255 3446 1289 3508 δὲ
1312 3469 1393 3527 παρ-

110 3533 209 3614 ὃαλῆν
233 3533 371 3614 ἒνῆφθαι
394 3540 448 3615 τῆς
472 3535 550 3616 [γῆς]
575 3534 747 3615 φαντασίας
771 3536 882 3608 εἵνεκα,
905 3535 942 3597 τὰ
967 3534 1002 3598 δὲ
1024 3537 1112 3598 κάτω
1136 3530 1302 3621 (τραγώὸη
1323 3530 1395 3621 καὶ)

108 3621 232 3700 lecal)
255 3627 320 3684 τῶν
343 3628 397 3703 τῆς
421 3629 477 3705 γῆς
500 3628 640 3703 στερρῶν
660 3623 792 3686 καὶτῶν
812 3626 845 3687 ἐν
861 3625 939 3706 αὐτῇ
955 3625 1155 3705 πεφυκότων.
1193 3628 1295 3702 Atque
1311 3626 1394 3684 aliud

108 3713 261 3788 proferam
298 3719 516 3787 argumentum.
571 3715 666 3772 Simili
702 3716 779 3773 enim
808 3717 925 3773 ratione
959 3719 1051 3790 atque
1081 3718 1112 3774 in
1147 3717 1297 3774 anecdoto
1329 3716 1394 3772 Pan

109 3805 240 3860 venator
250 3797 273 3877 ²)
304 3803 459 3875 effingitur
486 3804 515 3861 in
540 3805 670 3861 nummis
694 3805 811 3862 urbium
836 3804 1045 3864 siciliensium.
1092 3806 1193 3863 Veluti
1217 3806 1247 3862 in
1271 3821 1394 3862 nummo

109 3891 272 3949 Messanae
289 3909 420 3949 excusso
436 3892 703 3952 lmboof-Blumeri
718 3894 893 3951 testimonio
910 3893 1019 3969 (Mona.
1035 3911 1077 3968 gr.
1091 3913 1118 3968 p.
1131 3896 1223 3978 2l,·v.
1235 3896 1298 3951 tab.
1314 3893 1348 3962 B,
1364 3892 1394 3969 bl

110 3981 184 4037 haec
208 3976 449 4057 inveniunturz⁸l
481 3982 563 4057 ,Pan
594 4002 651 4050 nu,
684 3983 815 4040 imberbe
847 3985 877 4041 et
905 4001 1045 4050 cornu,
1076 3985 1158 4041 assis
1182 3984 1201 4040 a
1224 4001 1251 4055 g.
1276 4001 1329 4040 sur
1352 3999 1394 4039 un

109 4069 215 4126 rocber
237 4072 397 4127 reconvert
421 4070 510 4128 d’une
534 4073 664 4131 nebride.
710 4073 809 4129 Dela
832 4073 913 4129 main
936 4091 963 4145 g.
987 4071 1008 4129 il
1031 4073 1107 4130 tient
1130 4091 1171 4129 un
1199 4071 1395 4145 lagobolon

110 4160 141 4216 et
164 4158 201 4214 de
224 4158 256 4215 la
279 4159 321 4216 dr.
350 4158 370 4215 il
403 4177 525 4218 caresse
557 4179 596 4217 un
625 4160 766 4228 lievre,
801 4162 852 4237 qui
881 4179 914 4219 se
943 4163 1046 4218 dresse
1070 4162 1185 4218 devant
1206 4161 1249 4218 lui
1274 4179 1326 4219 sur
1350 4161 1394 4218 les

110 4247 195 4320 pieds
220 4246 256 4304 de
280 4247 408 4306 derriere
419 4247 436 4307 ³.
476 4249 523 4306 Ad
539 4250 614 4306 haec
630 4253 732 4307 autem
749 4253 843 4308 verba
859 4251 988 4308 adnotat
1002 4251 1191 4308 Rosoherus:
1216 4251 1285 4324 tDer
1301 4250 1392 4319 Hase,

201 4384 219 4449 ¹)
240 4385 347 4439 Similia
365 4386 451 4440 verba
469 4384 651 4439 inveniuntur
669 4385 697 4439 in
717 4385 857 4439 anecdoto
876 4387 936 4440 Est.

200 4455 219 4522 ’l
239 4455 281 4509 De
293 4456 372 4512 Pane
385 4460 521 4513 venatore
539 4455 575 4511 cl.
585 4456 721 4511 Roschari
734 4457 844 4511 lexicon
859 4457 1082 4527 mythologioum
1101 4457 1156 4511 vol.
1167 4457 1212 4523 ΙΙΙ,
1224 4458 1237 4511 1
1251 4457 1320 4513 1385
1333 4474 1394 4529 sqrp

200 4525 220 4595 ¹)
241 4526 277 4581 oi.
296 4527 471 4585 Roscberum
489 4529 506 4583 l.
526 4545 548 4584 s.
568 4545 590 4584 s.
611 4527 681 4583 1377
700 4532 728 4582 at
751 4527 825 4582 1414.
