3190 4944
714 272 936 331 ..38-

136 430 138 434 ¹
184 451 270 508 libris
294 449 341 509 ΙΙΙ.
366 453 397 508 et
419 450 467 509 IV.
492 451 661 508 doctrinam·
684 450 930 526 Peripateticam‚
966 448 1112 525 imprimis
1138 449 1397 525 Theophrasteam
1421 450 1468 506 ina

184 540 281 610 ueniri
308 540 386 598 inter
408 540 492 598 viros
525 540 633 598 doctos
665 536 821 616 constatll
868 539 1000 597 Eandem
1032 539 1342 614 quadripartitionem
1376 531 1473 614 quam'

186 646 280 704 supra
303 646 340 686 ex
364 631 488 686 auctore
511 629 550 686 ad
574 629 702 687 Herenn.
727 628 896 695 attulimus,
932 629 1204 703 apud'Varronem
1228 629 1265 685 de
1288 627 1394 702 lingua
1416 623 1474 686 lat'

186 718 221 786 V,
247 718 275 776 6.
298 718 426 775 inveniri
457 718 680 775 demonstravit
701 718 761 776 Leo
789 717 820 774 in
843 717 971 775 Hermae
998 717 1058 776 vol.
1074 716 1186 782 XXIV..
1213 734 1240 790 p.
1258 716 1331 774 289.
1356 718 1424 774 adn.
1450 717 1478 774 5.

186 809 217 865 et
239 807 391 864 Usenerus
416 807 434 864 l.
451 825 476 866 s.
493 824 517 864 e.
542 824 570 880 p.
588 806 660 864 625.
685 806 743 864 Sed
761 807 915 882 permagni
930 809 1039 865 nostre
1053 807 1180 864 interest
1196 805 1320 863 eandem
1345 804 1469 881 quadri-

185 895 379 972 partitionem
410 898 532 954 exstare
563 896 594 952 in
625 913 660 954 eo
692 895 829 953 Philonis
860 895 970 952 ludaei
1001 895 1087 963 libro,
1121 895 1173 969 qui
1204 895 1377 952 inscribitur
1399 891 1476 971 περὶ

186 981 370 1064 ἀφθαρσίας
392 981 518 1063 κόσμου
547 1002 571 1042 c.
593 984 644 1043 22.
671 978 712 1064 (p.
738 985 788 1043 34.
821 985 865 1046 ed.
898 983 1083 1060 Cumont.>,²l
1115 1001 1204 1058 quem
1235 983 1335 1040 locum
1367 984 1471 1041 attulit

185 1075 322 1134 Marxius
356 1073 387 1131 in
421 1072 528 1131 Lucilii
563 1072 727 1130 carminum
762 1073 813 1132 rel.
845 1073 906 1131 vol.
929 1073 962 1131 Π.
986 1092 1014 1148 p.
1039 1073 1112 1132 394.
1144 1073 1183 1130 ad
1213 1090 1335 1131 versum
1370 1073 1470 1130 1242:

185 1159 533 1241 Προςφιλοτεχνοῦντες
560 1159 596 1221 δέ
626 1182 705 1228 τινες
734 1165 805 1222 τῶν·
829 1158 929 1222 ἀίδιον
956 1158 1249 1242 ὑπολαμβανόντων
1270 1157 1325 1221 τὸν
1347 1159 1476 1240 κόσμον

186 1248 263 1313 εῖναι
285 1248 339 1312 καὶ
361 1248 494 1328 τοιούτῳ
516 1247 598 1329 πρὸς
628 1247 826 1331 κατασκευὴν
860 1248 947 1331 λόγῳ
974 1253 1112 1330 χρῶνται
1135 1269 1141 1282 ·
1170 1248 1301 1329 φθορᾶς
1326 1249 1477 1329 τέτταρας

186 1337 263 1402 εἶναι
277 1337 417 1420 τρόπους
432 1336 506 1406 τοὺς
522 1337 675 1401 evandro>
688 1339 900 1420 συμβέβηκεν,
914 1337 1097 1419 πρόσθεσιν,
1111 1337 1285 1418 ἀφαίρεσιν,
1294 1337 1472 1418 μετάθεσιν,

187 1427 362 1490 ἀλλοίωσιν.
408 1429 521 1488 Notum
553 1431 654 1487 autem
686 1435 734 1487 est
764 1430 848 1487 illum
880 1431 1023 1488 hausisse
1044 1447 1091 1486 ‘ex
1118 1429 1205 1486 fonte
1228 1423 1473 1509 Peripatetico.⁸)

187 1520 445 1579 Commemoratur
468 1519 546 1575 enim
570 1536 635 1593 cap.
649 1519 690 1576 23
714 1537 742 1594 p.
757 1519 798 1577 35
823 1519 954 1577 Cumont
976 1518 1206 1593 Theophrastus
1230 1521 1261 1576 et
1284 1535 1308 1576 c.
1325 1518 1360 1574 11
1388 1536 1415 1593 p.
1433 1519 1470 1576 17
1582 1559 1583 1580 ι

188 1612 280 1683 atque
305 1625 329 1665 c.
349 1609 388 1666 14
412 1626 440 1683 p.
458 1607 499 1664 22
525 1607 676 1666 Critolaus
699 1608 932 1683 Peripateticus,
966 1625 1054 1683 quem
1077 1607 1244 1664 Philodami
1269 1609 1299 1664 et
1321 1605 1477 1665 Ciceronis

189 1877 265 1933 orat.
289 1874 323 1942 Π,
343 1874 394 1942 63,
413 1873 494 1934 256;
519 1874 665 1951 ς1111εεααι
689 1893 786 1950 genus
810 1878 866 1944 est,
893 1875 974 1950 quod
998 1875 1091 1933 habet
1114 1892 1240 1948 parvam
1256 1875 1341 1931 verbi
1365 1874 1473 1931 immu-

186 1964 348 2029 tationem,
382 1964 462 2038 quod
494 1964 525 2021 in
555 1963 662 2022 littera
679 1963 813 2039 positum
838 1964 944 2023 Graeci
968 1967 1081 2022 vocant
1107 1960 1367 2043 παρονομασίαν.’
1415 1963 1479 2020 Sed
1582 2011 1583 2036 q

189 2065 257 2111 cum
280 2055 405 2111 auctore
429 2054 468 2111 ad
491 2053 673 2111 Herennium
697 2054 830 2111 maxima
852 2072 889 2112 ex
912 2057 998 2129 parte
1022 2054 1160 2126 congruit
1180 2052 1313 2110 Rutilius
1329 2051 1434 2127 Lupus
1451 2051 1478 2120 1,
1582 2047 1583 2102 1

190 2143 208 2201 3
233 2135 311 2223 (p.4
335 2142 409 2200 rhet.
433 2142 497 2200 Lat.
526 2142 595 2200 min.
624 2140 740 2218 Halml:
773 2139 1025 2222 Παρονομασία.
1076 2141 1141 2200 Ηοα
1169 2144 1225 2199 aut
1253 2140 1393 2198 addenda
1421 2143 1480 2201 aut.
1582 2135 1583 2202 1

189 2231 336 2289 demenda
359 2234 414 2288 aut
430 2231 577 2289 mutanda
600 2234 655 2289 aut
670 2231 850 2307 porrigenda
865 2243 920 2290 aut
943 2231 1150 2289 contrahenda
1165 2231 1268 2289 littera
1284 2233 1339 2288 aut
1355 2229 1477 2305 syllaba

189 2321 256 2379 fieri
281 2318 459 2379 consuevit'
506 2320 668 2378 Praeterea
699 2321 824 2379 eandem
853 2320 1021 2378 doctrinam
1049 2320 1222 2378 invenimus
1252 2321 1332 2393 apud
1356 2319 1475 2389 Quinti-

190 2410 305 2468 lianum
328 2410 359 2467 in
383 2427 418 2467 eo
444 2409 551 2483 capite,
578 2410 660 2485 quod
685 2412 734 2468 est
757 2411 792 2467 de
810 2406 1028 2486 soloecismos)
1067 2409 1137 2467 Tria
1153 2411 1254 2466 autem
1271 2425 1382 2482 genera
1397 2408 1479 2465 idem*

189 2500 315 2574 praebet
337 2497 385 2568 VI,
412 2499 441 2566 3,
469 2499 526 2556 53:
552 2499 638 2574 ‘haec
660 2501 724 2556 tam
747 2499 865 2573 frigida,
893 2516 983 2574 quam
1008 2501 1055 2556 eet
1076 2498 1231 2556 nominum
1246 2497 1331 2554 fictio
1349 2496 1476 2554 adiectis

190 2587 335 2645 detractis
359 2587 486 2644 mutatis
510 2586 638 2646 litteris?
677 2588 811 2646 Alteram
827 2587 1061 2663 impartitionem
1078 2587 1160 2661 apud
1182 2586 1309 2644 eundem
1332 2587 1476 2661 scriptam

190 2677 318 2750 legimus
342 2675 390 2744 IX,
410 2677 438 2744 3,
454 2676 513 2735 69:
546 2676 645 2753 caliter
673 2694 794 2752 quoque
822 2695 915 2735 voces
944 2679 1000 2734 aut
1027 2677 1149 2734 eaedem
1178 2676 1301 2733 diversa
1329 2675 1359 2731 in
1384 2675 1477 2748 signi-

190 2766 335 2824 ficatione
366 2768 520 2840 ponuntur
551 2769 607 2823 aut
636 2766 835 2840 productione
860 2768 989 2823 ‘tantum
1024 2765 1074 2822 vel
1105 2765 1292 2840 correptione
1324 2764 1477 2822 mutatae:

100 1768 103 1772 .
188 1699 343 1755 auctorem
366 1696 464 1754 fuisse
480 1697 711 1770 Angermannus
735 1697 809 1754 dicit
831 1697 849 1754 l.
866 1715 890 1755 s.
907 1713 931 1754 e.
948 1716 975 1772 p.
994 1698 1022 1755 8.
1046 1697 1135 1772 Apud
1153 1696 1324 1754 Ciceronem
1341 1713 1377 1754 eo
1393 1697 1471 1762 loco,
1582 1705 1583 1746 ;

188 1786 241 1843 ubi
273 1785 337 1858 agit
368 1786 404 1843 de
436 1785 553 1843 ridiculi
585 1785 731 1854 doctrina,
764 1787 840 1844 haec
870 1786 1067 1845 inveniuntur
1097 1786 1133 1843 de
1161 1785 1409 1843 adnominatione
1438 1785 1474 1842 de
1582 1799 1583 1870 J

191 2855 273 2931 quod
298 2854 389 2911 etiam
413 2854 443 2912 in
466 2854 543 2912 iocis
566 2854 708 2928 frigidum
732 2854 871 2929 equidem
893 2855 974 2912 tradi
990 2855 1067 2912 inter
1084 2855 1247 2929 praecepta
1263 2853 1362 2921 miror,
1381 2852 1485 2927 eoque

192 2942 330 3019 exempla
352 2943 470 3000 vitandi
498 2943 602 3019 potius
634 2961 726 3018 quam
757 2943 895 3001 imitandi
926 2944 1025 3017 gratia
1056 2959 1154 3018 pono:
1188 2942 1284 3000 amari
1313 2941 1478 2998 iucundum
1582 3005 1583 3012 ρ

192 3036 247 3101 est,
274 3033 301 3090 si
325 3035 454 3100 curetur,
480 3051 517 3090 ne
541 3032 613 3108 quid
641 3033 716 3090 insit
743 3036 845 3090 amari.
879 3033 982 3091 avium
1010 3032 1139 3092 dulcedo
1170 3031 1208 3088 ad
1238 3031 1343 3088 avium
1376 3028 1477 3087 ducit.³
1582 3037 1583 3110 ρ

193 3123 309 3192 Quibus
334 3139 401 3178 cum
425 3121 527 3179 verbis
551 3121 732 3179 conferenda
755 3124 829 3179 suut
852 3139 897 3190 ea,
924 3139 1003 3196 quae
1019 3121 1101 3196 apud
1123 3123 1277 3178 auctorem
1294 3119 1333 3176 ad
1349 3119 1478 3177 Herenu.

191 3212 210 3270 l.
227 3230 251 3269 s.
269 3229 293 3269 s.
318 3210 432 3284 scripta
456 3213 600 3268 exstant:
628 3211 863 3287 ‘Adtenuatione
892 3213 946 3268 aut
970 3210 1177 3284 complexione
1202 3209 1336 3266 eiusdem
1359 3207 1479 3264 litterae

295 3300 333 3357 Et
364 3317 401 3356 ex
432 3300 585 3357 contrario
610 3343 615 3357 .
641 3344 647 3357 .
671 3344 677 3357 .
703 3343 709 3358 .
733 3299 934 3358 Productione
966 3300 1102 3356 eiusdem
1133 3299 1252 3355 litterae
1284 3299 1341 3354 hoc
1372 3296 1479 3354 modo:
1582 3285 1583 3302 ¹

192 3388 281 3446 ‘Hinc
313 3389 416 3446 avium
447 3388 574 3446 dulcedo
610 3389 694 3446 ducit
727 3389 765 3446 ad
800 3387 923 3460 avium.³
980 3389 1135 3446 Brevitate
1170 3388 1304 3445 eiusdem
1340 3383 1479 3443 litterae?

194 3478 310 3548 Quibus
335 3477 472 3536 err-locis
497 3476 631 3550 intellegi
653 3480 758 3554 potest
780 3477 863 3536 illam
895 3477 1064 3535 doctrinam
1088 3478 1181 3551 atque
1205 3476 1400 3550 partitionem
1423 3474 1480 3531 irn-

193 3568 297 3643 primis
330 3567 424 3641 primo
457 3584 484 3622 a.
520 3566 585 3624 Chr.
616 3584 644 3624 n.
676 3567 801 3625 saeculo
834 3568 1010 3637 adamatum
1046 3583 1122 3624 esse.
1176 3565 1237 3622 Nec
1272 3565 1363 3621 miror
1399 3564 1480 3637 apud
1582 3599 1583 3614 .

194 3657 357 3730 scriptores
380 3655 521 3713 metricos
546 3655 673 3713 similem
696 3656 824 3714 inveniri
848 3651 1189 3730 quadripartitionem.⁶l
1236 3652 1489 3736 Tripartitionem
1582 3693 1583 3702 .

194 3747 296 3803 autem
321 3745 359 3801 ab
377 3745 421 3802 eis
446 3744 613 3802 adhibitam
637 3745 783 3803 tractavit
806 3745 1031 3803 Consbruchius
1056 3744 1087 3801 iu
1111 3745 1267 3801 comment.
1285 3741 1386 3816 philol.
1403 3741 1481 3797 Vra-

194 3834 296 3892 tislav.
321 3833 356 3902 V,
383 3833 401 3890 3
427 3832 536 3911 (18901
567 3853 595 3909 p.
617 3834 659 3891 90
684 3852 749 3909 sqq.
783 3833 899 3904 Quibus
931 3833 1147 3891 demonstratis
1180 3832 1295 3906 optimo
1327 3832 1391 3887 iure
1423 3830 1482 3886 dici
1582 3803 1583 3892 1

194 3941 287 3998 posse
312 3940 420 3980 censeo
446 3924 537 3980 etiam
560 3923 591 3980 iu
615 3925 750 3982 tractatu
767 3923 855 3982 Coisl.
880 3925 935 3979 aut
957 3923 988 3979 in
1013 3922 1078 3980 eius
1101 3922 1185 3979 fonte
1208 3938 1270 3978 non
1287 3920 1386 3977 solum
1403 3918 1483 3976 duas

194 4012 264 4069 illas
297 4012 414 4085 species
445 4008 532 4091 παρὰ
564 4009 738 4090 πρόσβασιν
768 4009 822 4072 καὶ
854 4009 1032 4089 ἀφαίρεσιν,
1065 4012 1117 4068 sed
1150 4013 1296 4085 quattuor
1327 4008 1482 4066 minimum

305 4202 322 4268 11
342 4200 379 4256 ci.
398 4203 627 4271 Angermaunum
646 4202 664 4256 l.
683 4218 705 4256 e.
725 4219 747 4256 s.
766 4217 792 4271 p.
805 4201 832 4256 4.

302 4274 323 4342 ²)
344 4273 425 4327 Hunc
447 4273 571 4327 libellum
589 4273 702 4328 Philoni
726 4289 788 4326 esse
812 4272 1021 4326 attribuendum
1047 4232 1252 4325 demonstravit
1270 4267 1436 4323 Cumontius
1454 4267 1485 4322 in
1582 4273 1583 4348 l

196 4344 328 4399 editionis
346 4361 415 4399 suae
433 4344 650 4414 prolegomenis.

303 4417 323 4480 ³)
345 4415 380 4471 el.
401 4415 537 4470 Zellerum
555 4417 585 4468 in
605 4416 775 4470 Graecorum
789 4413 977 4485 >philosophia
995 4413 1052 4468 vol.
1065 4413 1110 4476 Ill,
1130 4413 1171 4478 2⁴,
1191 4428 1217 4481 p.
1230 4411 1284 4465 437
1303 4411 1367 4465 adn.
1389 4411 1411 4464 l.

302 4487 324 4556 ⁴)
344 4487 380 4542 ci.
400 4487 554 4542 Usenerum
573 4487 601 4540 in
621 4486 701 4541 relat.
720 4486 801 4542 acad.
821 4485 930 4540 Monac.
950 4484 1161 4556 philos-philol.
1181 4484 1239 4538 ord.
1252 4500 1279 4538 a.
1295 4482 1364 4537 1892
1381 4497 1408 4552 p.
1422 4475 1485 4537 628.
1582 4463 1583 4488 ¹

303 4561 323 4629 ⁶)
343 4559 378 4613 cl.
399 4559 554 4614 Usenerum
573 4558 590 4612 l.
604 4575 625 4612 s.
640 4575 662 4613 s.
682 4574 709 4628 p.
722 4557 784 4612 612.
