3190 4944
746 233 968 290 -96-

214 406 283 471 Ὅτι
306 408 385 470 κατά
409 407 463 470 τὸν
485 407 580 470 αὐτὸν
596 408 714 489 χρόνον
730 409 878 489 ἤκμασαν
894 407 970 470 ἐπ’τὰ
993 409 1158 490 ποιηταί,
1182 412 1213 467 in
1237 412 1400 470 anecdoto:
1425 409 1499 472 ἑπτὰ

220 497 255 560 δέ
287 520 382 578 φασιν
417 498 450 559 ἐν
485 498 612 565 ἐκείνοις
635 503 698 566 τοῖς
721 496 848 578 χρόνοις
872 497 1012 578 ἀκμάσαι
1034 496 1192 578 ποιητὰς
1221 498 1412 577 ἀρίστους,
1444 499 1499 567 οὓς

217 586 348 649 πλειάόα
380 586 522 648 ἐκάλουν.
576 589 642 646 Huc
674 590 799 656 accedit,
841 590 922 663 quod
955 589 1079 646 Taetces
1115 589 1241 646 alteram
1272 589 1376 664 pliada
1406 591 1498 648 novit.

219 678 299 736 Dicit
322 679 400 736 enirn
423 696 451 752 p.
468 678 532 737 267
549 678 600 736 M.:
632 677 693 737 κᾶν
724 676 822 756 ἕτεροι
852 674 897 756 μὴ
930 675 1045 744 εἰόότες
1076 674 1191 744 ἄλλους
1221 675 1317 756 φασὶν
1345 675 1422 738 εἶναι
1447 682 1499 756 τῆς

219 763 384 833 Πλειάδος.
432 767 490 824 Sed
513 768 612 824 tribus
637 767 695 824 illis
719 766 804 832 locis,
839 768 875 824 de
907 767 1018 842 quibus
1043 767 1171 840 agimus
1205 766 1372 824 Ptolemaei
1396 767 1499 824 Phila-

219 856 318 930 delphi
342 857 529 930 temporibus
553 859 660 930 poetae
684 857 727 912 illi
750 857 894 914 floruisse
918 856 1066 924 dicuntur,
1092 856 1122 913 id
1147 857 1228 931 quod
1253 855 1341 929 plane
1365 857 1498 930 ineptum

219 952 274 1013 est,
302 946 433 1020 quadrat
455 949 557 1002 autem
581 946 619 1003 ad
645 945 742 1003 solam
765 946 948 1019 tragicorum
972 944 1084 1019 pliade.
1130 944 1237 1020 Itaque
1261 945 1498 1003 concludendum

145 1046 146 1049 ’
219 1052 288 1092 esse
312 1035 412 1092 iudico
437 1037 534 1092 totam
558 1035 636 1090 hanc
661 1035 696 1092 de
725 1034 821 1092 altera
842 1034 942 1108 pliade
960 1035 1128 1093 doctrinam
1144 1034 1383 1108 Byzantinorum
1400 1037 1501 1091 aetate

220 1142 288 1182 esse
313 1126 419 1181 ortam.
465 1123 628 1181 Praeterea
659 1127 707 1181 est
739 1123 990 1181 considerandum
1021 1123 1051 1180 in
1085 1124 1234 1181 anecdoto
1259 1123 1321 1182 cst.
1346 1141 1391 1192 ea,
1423 1140 1499 1198 quae

219 1213 413 1287 praecedunt,
450 1229 615 1287 repugnare
651 1213 704 1280 eie,
743 1230 821 1288 quac
857 1215 1010 1270 secuntur.
1061 1212 1211 1287 Scriptum
1247 1212 1325 1268 enim
1359 1211 1501 1286 legimus:

220 1300 345 1380 ἤκμασε
376 1298 410 1360 δὲ
442 1299 475 1360 ἐν
505 1304 569 1366 τοῖς
599 1297 727 1379 χρόνοις
749 1297 951 1379 Πτολεμαίου
978 1303 1035 1360 τοῦ
1059 1298 1282 1379 ἐπικληθέντος
1304 1295 1449 1378 Λαγωοῦ
1473 1304 1501 1357 et

219 1391 298 1448 infra
322 1389 352 1450 σί
375 1387 409 1450 δὲ
433 1388 552 1456 ἐντοῖς
574 1387 702 1468 χρόνοις
718 1386 919 1468 Πτολεμαίου
944 1391 999 1450 τοῦ
1020 1386 1220 1468 Φιλαδέλφου
1237 1386 1334 1468 φασὶν
1351 1387 1500 1468 ἀκμάσαι,

221 1478 257 1545 ὃς
282 1477 320 1557 δὴ
345 1482 420 1545 παῖς
443 1475 482 1556 ἢν
505 1475 706 1557 Πτολεμαίου
730 1483 786 1538 τοῦ
806 1475 950 1556 Λαγωαῦ
974 1476 1027 1538 καὶ
1051 1475 1223 1557 Βερενίκης
1244 1482 1299 1557 τῆς
1322 1474 1499 1557 Ἀντιγόνου

220 1565 388 1646 θυγατρός.
436 1567 494 1624 Sed
526 1572 647 1642 reputes
679 1585 795 1642 quaeso
826 1572 923 1625 totam
948 1569 1026 1625 hanc
1053 1568 1242 1642 particulam,
1277 1585 1356 1641 quae
1388 1570 1437 1625 est
1467 1568 1500 1624 de

222 1657 374 1715 Theocriti
398 1657 463 1713 vita
486 1659 578 1731 atque
602 1657 701 1730 pliade
725 1660 883 1732 poetarum
900 1657 1182 1720 Alexandrinorum,
1209 1655 1298 1714 simili
1322 1656 1412 1714 modo
1435 1673 1500 1714 esse

222 1749 430 1820 comparatam
454 1749 547 1820 atque
571 1747 698 1804 Taetzae
722 1747 758 1803 de
781 1746 990 1826 Lycophronis
1014 1746 1079 1803 vita
1110 1749 1141 1803 et
1163 1745 1263 1820 pliade
1287 1744 1502 1802 dissertatiun-

222 1834 329 1892 culam.
375 1835 501 1892 Accedit
522 1835 603 1891 aliud
621 1838 839 1908 argumentum.
886 1835 928 1892 Eo
953 1835 1030 1892 enirn
1053 1835 1130 1900 loco,
1156 1835 1208 1891 ubi
1232 1835 1373 1892 anecdoti
1396 1837 1503 1891 auctor

222 1925 258 1981 de
275 1924 462 1982 Artemidoro
483 1924 680 1996 grammatico
704 1925 799 1982 verba
821 1924 903 1992 facit,
930 1924 1005 1982 hacc
1028 1924 1235 1981 inveniuntur:
1259 1920 1445 2001 προτέόεικε
1469 1919 1502 1982 δὲ

221 2011 239 2073 ὁ
263 2010 416 2082 συντάξας
446 2009 524 2071 αὐτὰ
554 2008 590 2071 τὸ
620 2009 724 2091 παρόν
752 2009 903 2072 εἰόόλλιον
933 2015 1062 2090 πρῶτον
1093 2008 1144 2072 όιὰ
1174 2008 1210 2071 τὸ
1240 2007 1441 2090 χαριέστερόν
1471 2031 1501 2070 τε

222 2099 306 2180 ὁμσῦ
330 2099 384 2162 καὶ
406 2099 629 2180 τεχνικώτερον
653 2099 737 2168 εἶναι,
762 2099 917 2180 ἑπόμενος
939 2104 986 2180 τῷ
1009 2097 1163 2180 Πινδάρῳ
1187 2097 1301 2160 εἰπόντι
1326 2097 1502 2177 (01.V1,3):

221 2189 416 2270 Ἄρχομένσυ
434 2189 462 2251 d’
477 2189 572 2269 ἔργου
588 2187 765 2268 πρόσωπον
788 2188 849 2294 χρὴ
874 2188 1006 2269 όέμεναι
1027 2187 1186 2268 τηλαυγές.
1224 2185 1335 2249 Καίτοι
1359 2209 1403 2266 γε,
1428 2185 1502 2248 ὅσον

221 2276 315 2339 κατὰ
344 2277 410 2358 τὴν
441 2277 636 2349 ὑπόθεσιν,
668 2300 707 2339 ου
737 2283 874 2357 πρῶτον,
908 2275 987 2339 ἀλλὰ
1017 2277 1091 2357 περί
1118 2299 1182 2339 που
1209 2275 1246 2337 τὰ
1269 2276 1351 2356 μέσα
1374 2275 1502 2377 τεθῆναι

222 2366 292 2428 ἔδει.
338 2369 529 2470 Hypothesip
560 2369 652 2442 igitur
684 2372 790 2426 auctor
813 2369 1003 2444 Byzantinus
1028 2368 1196 2442 exscripsit
1243 2367 1393 2476 Scriptum
1425 2367 1502 2425 enim

222 2457 388 2532 legimus
380 2476 411 2515 in
442 2458 529 2531 primi
561 2457 702 2515 carminis
735 2459 831 2532 hypot
818 2459 898 2514 thesi
929 2475 956 2532 p.
977 2458 1012 2515 11
1040 2457 1171 2514 Ahrens:
1194 2453 1325 2534 Αὕτη
1307 2476 1326 2534 η
1351 2452 1503 2521 ὑπόθεσις

222 2567 264 2612 εις
288 2545 409 2625 Δάφνιν
434 2545 610 2625 γέγραπται,
635 2545 671 2612 ὃς
700 2542 750 2606 διὰ
773 2544 833 2625 μὲν
855 2543 968 2606 τούτου
1000 2549 1056 2606 τοῦ
1089 2542 1243 2606 εῑόυλλίου
1275 2541 1419 2623 τέθνηκε,
1452 2540 1501 2603 διὰ

223 2721 274 2785 διὰ
302 2721 337 2784 τὸ
365 2721 565 2803 χαριέστερον
587 2744 641 2783 και
668 2722 893 2833 τεχνικιητερσν
916 2726 979 2783 τῶν
1002 2681 1107 2783 άλλων
1130 2720 1251 2802 μᾶλλον
1274 2719 1500 2830 συντετάχθαι·

222 2810 386 2892 Πίνδαρος
421 2810 505 2891 γάρ·
522 2811 704 2892 ἀρχομένου
738 2810 802 2872 d”'
783 2833 893 2890 εργσυ,
933 2812 1023 2892 φησί,
1062 2810 1239 2890 πρόσωπον
1273 2808 1334 2890 χρὴ
1370 2809 1502 2889 θέμεναι

222 2900 380 2982 τηλαυγές.
435 2901 571 2960 Ceterum
603 2905 674 2959 ante
705 2902 868 2975 Vergilium
899 2902 1144 2960 Theocriteorum
1175 2918 1286 2976 corpus
1316 2899 1501 2974 argumentis

223 3009 291 3050 esse
316 2992 497 3048 instructum
520 2991 730 3065 comprobavit
745 2991 850 3048 Ericus
867 2991 999 3049 Betheus
1023 2992 1053 3047 in
1077 2991 1174 3047 indice
1190 2991 1353 3047 lectionum
1369 2990 1501 3047 univers.

223 3080 369 3138 Rostoch.
396 3080 480 3138 1896
505 3098 533 3154 p,
553 3079 601 3136 13.
651 3079 845 3154 Hypotheses
870 3082 971 3138 autem
1002 3081 1034 3138 in
1064 3097 1131 3137 cam
1161 3080 1224 3136 lere
1254 3079 1390 3146 formam,
1426 3095 1502 3153 quae

224 3171 356 3226 aetatem
383 3169 463 3236 tulit,
489 3169 527 3225 ab
552 3168 752 3226 Eratosthene
775 3168 981 3242 grammatico,
1015 3169 1067 3243 qui
1095 3168 1154 3226 luit
1177 3171 1279 3226 aetate
1302 3167 1500 3234 Iustinianea,

224 3275 292 3315 esse
307 3257 449 3316 redactas
467 3275 577 3330 magna
593 3275 660 3313 cum
676 3258 890 3332 probabilitate
907 3259 1018 3315 statuit
1033 3257 1200 3315 Ahrensius
1217 3257 1234 3314 l.
1252 3274 1275 3314 e.
1290 3274 1312 3313 s.
1334 3274 1361 3331 p.
1374 3255 1502 3312 XXXIII.

223 3347 328 3422 ltaque
361 3349 433 3422 post
464 3345 619 3404 sacculum
650 3364 678 3421 p.
703 3345 768 3403 Chr.
792 3365 819 3404 n.
836 3347 884 3406 Vl.
909 3347 1079 3404 anecdoton
1106 3347 1168 3403 Est.
1201 3363 1269 3403 esse
1301 3345 1502 3420 compositum

224 3440 272 3494 est
294 3435 541 3494 concludendum.

332 3525 462 3582 Restant
497 3525 575 3581 duae
610 3524 816 3598 quaestiones,
854 3542 932 3599 quae
968 3524 1005 3581 ad
1042 3525 1260 3598 epigrammata
1290 3522 1321 3578 in
1353 3522 1503 3580 anecdoto

224 3614 338 3671 tradita
361 3613 520 3688 pertiuent.
567 3612 622 3670 Illo
654 3613 731 3670 enirn
757 3613 971 3687 epigrammate
994 3613 1201 3670 Artemidoreo
1225 3612 1254 3668 id
1280 3611 1501 3684 comprobatur,

225 3703 306 3778 quod
329 3701 505 3760 Betheusl.
531 3720 554 3760 s.
579 3720 604 3760 s.
628 3720 654 3775 p
680 3703 698 3759 3
731 3703 886 3760 contendit
873 3703 963 3759 ttAr
966 3702 1128 3759 emidorum
1161 3701 1314 3758 variorum
1345 3702 1503 3773 poetarum

225 3791 365 3850 bucolica
397 3792 534 3864 coegisse
564 3808 661 3865 neque
684 3790 742 3848 hoc
767 3792 951 3865 epigramma
974 3808 1041 3847 cum
1066 3790 1133 3846 illo:
1151 3785 1303 3855 Ἄλλος
1284 3808 1302 3847 ο
1325 3783 1413 3854 Χῖος
1437 3805 1503 3845 esse

225 3881 474 3954 coniungendum.
510 3879 671 3938 Praeterea
693 3880 813 3938 minime
834 3883 882 3937 est
897 3879 1112 3987 neglegendum
1130 3882 1284 3935 auctorem
1300 3877 1503 3970 Byzantinum

225 3973 314 4028 caute
348 3970 460 4026 dicere:
494 3966 539 4028 ότι
574 3967 609 4028 ἐκ
643 3972 698 4028 τοῦ
733 3966 966 4047 προειρημένου
999 3966 1236 4068 ἐπιγράμματος
1270 3945 1503 4043 Ἄρτεμιόώρόυ

225 4056 400 4137 στοχάσαιτ
425 4056 463 4116 ἄν
486 4078 531 4124 τις
553 4079 581 4116 κ.
605 4079 628 4116 τ.
651 4055 676 4117 λ
724 4058 856 4114 Alterum
882 4058 1014 4114 autem'
1007 4075 1038 4114 rn
1062 4057 1227 4113 carminum
1260 4055 1503 4112 Theocritcorum

226 4148 358 4205 editione
393 4150 517 4204 vetusta
552 4147 738 4219 adscriptum
772 4146 908 4203 fuisse
900 4147 1023 4219 1magini
1055 4147 1163 4220 pictae,
1201 4145 1251 4201 cui
1279 4146 1344 4201 erat
1367 4143 1503 4201 additum

226 4237 376 4294 Theocriti
408 4253 530 4303 nomen,
567 4235 644 4293 idem
680 4236 865 4309 argumentis
902 4235 1021 4292 studuit
1055 4235 1250 4309 comprobare
1283 4232 1301 4291 l.
1326 4250 1350 4289 s.
1375 4250 1399 4290 s.
1431 4250 1459 4306 p.
1477 4230 1503 4288 6.

226 4327 362 4401 Denique
394 4343 494 4401 pauca
526 4326 636 4382 addam
660 4324 695 4381 de
720 4343 757 4380 ea
781 4325 920 4382 anecdoti
944 4327 1038 4398 parte,
1064 4324 1117 4381 ubi
1141 4325 1177 4380 de
1200 4321 1350 4381 Theocriti
1375 4320 1503 4378 dialecto

226 4415 333 4489 agitur.
381 4415 464 4484 Quae
495 4416 629 4472 fortasse
662 4415 699 4470 ad
732 4415 858 4471 eundem
889 4413 1119 4479 Artemidorum,
1153 4413 1205 4486 qui
1236 4411 1375 4468 bucolica
1402 4409 1502 4474 edidit,

226 4507 274 4562 est
298 4505 460 4563 referenda.
509 4504 660 4577 Scriptum
684 4502 761 4559 enim
785 4502 912 4575 legimus
937 4503 1016 4575 apud
1041 4503 1231 4558 Athenaeum
1251 4500 1290 4557 IV
1311 4499 1371 4557 182
1385 4500 1420 4557 d:
1438 4496 1456 4558 ό
1473 4494 1505 4558 dd
