3190 4944
766 240 983 298 ,54-

232 417 401 498 ποιήματα.
440 413 491 477 διὰ
513 421 607 477 τοῦτο
631 414 766 478 εἰδόλλια
781 415 1048 496 ῦπερεγράφησαν
1057 414 1078 492 ¹)
1103 413 1197 478 οἱονεὶ
1211 413 1311 496 μικρά
1328 413 1405 497 εἴδη.
1445 415 1512 496 εἴδη

233 505 294 586 γὰρ
317 503 414 585 λόγου
442 503 495 566 καί
517 503 554 566 τδ
579 502 806 586 διηγηματικόν
829 501 941 566 καὶτὸ
964 502 1194 585 δραματικόνθ)
1227 504 1262 576 ἐξ
1285 500 1332 567 ῶν
1356 503 1514 584 σύγκειται

231 593 268 655 τό
295 591 488 675 βουκολικὸν
510 593 642 676 ποίημα.
688 595 743 656 καί
765 594 832 675 ἅμα
856 591 920 655 ἀπὸ
943 597 1000 655 τοῦ
1023 592 1099 656 εἴδω
1122 589 1159 655 τό
1183 592 1289 673 όμοιῶ
1312 592 1449 656 είδύλλια
1474 594 1514 654 ἂν

232 683 363 752 εἰκότως
385 681 514 763 λέγοιτο.
549 681 685 751 ἐοικότες
709 683 769 763 γάρ
793 683 849 745 εἶσι
870 687 936 751 τοῖς
958 682 1146 763 προσώποις
1169 682 1201 744 oi
1215 680 1304 762 λόγοι
1318 686 1376 744 τοῦ
1392 682 1513 763 βουκο-

232 771 322 835 λικοῦ
345 773 530 853 ποιήματος.
566 772 598 833 οἱ
621 770 655 834 δὲ
678 771 826 851 ἡδύλλιον
850 769 993 832 ἀπὸτοῦ
1016 770 1088 851 ἥδω
1111 768 1148 832 τὸ
1164 769 1339 851 εῦφραίνω,
1364 770 1433 832 ἀλλ’
1452 771 1513 832 σῦκ

232 860 384 924 είδύλλιον
408 858 552 922 ἀπὸτοῦ
576 858 661 929 είδος
683 860 825 941 λέγοντες
847 859 1010 928 παντελῶς
1034 860 1108 922 εἰσιν
1132 859 1277 940 ἀμαθεῖς.
1417 873 1419 878 “

338 953 379 1010 Ut
401 953 439 1010 ad
464 952 635 1011 anecdoton
657 951 786 1010 Estense
807 951 908 1027 ipsum
924 951 1182 1026 interpretandum
1199 951 1392 1018 accedamus,
1419 969 1514 1026 quae-

231 1041 334 1107 rimus,
353 1059 415 1116 qua
429 1041 547 1099 ratione
564 1042 726 1100 cohaereat
741 1058 809 1098 cuin
821 1040 945 1116 reliquis
958 1057 1089 1115 poeseos
1101 1040 1294 1098 tractatibus¹
1327 1041 1371 1098 Ac
1384 1040 1514 1115 primum

233 1130 353 1205 quidem
377 1129 535 1188 dicendum
559 1132 608 1187 est
630 1130 802 1188 anecdoton
824 1130 953 1188 Estense
977 1128 1004 1187 ei
1026 1126 1240 1208 παραδόσεως
1262 1129 1343 1203 parti
1367 1147 1440 1188 esse
1463 1147 1515 1188 as-

233 1220 422 1294 signandum,
448 1218 535 1276 cuius
558 1236 595 1276 ne
610 1217 769 1276 Kaibelius
794 1219 915 1293 quidem
937 1217 956 1277 l.
973 1236 998 1276 s.
1014 1235 1038 1276 s.
1055 1236 1123 1276 mea
1138 1217 1293 1276 sententia
1309 1217 1389 1278 satis
1406 1217 1516 1278 habuit

231 1309 388 1367 rationem.
427 1308 472 1364 Ex
495 1306 600 1365 eodem
624 1308 702 1366 enirn
725 1307 810 1365 fonte
832 1307 938 1366 hausit
959 1307 997 1375 is,
1022 1306 1073 1381 qui
1097 1307 1268 1365 anecdoton
1284 1306 1416 1366 Esteuse
1432 1325 1514 1364 coin·

184 1453 193 1474 ,
232 1398 349 1472 pilavit‚
375 1400 405 1454 et
428 1397 553 1454 Tzetzcs
577 1396 608 1454 in
631 1396 852 1471 prolegomenis
875 1396 914 1454 ad
930 1395 1158 1471 Lycophronem
1182 1395 1364 1470 conscriptis
1387 1396 1514 1454 iambis-

232 1505 291 1561 que
321 1482 393 1565 περὶ
424 1482 582 1564 διαφορᾶς
611 1487 753 1564 ποιητῶν
784 1485 869 1542 etin
892 1485 1113 1560 prolegomenis
1138 1485 1177 1542 ad
1201 1479 1402 1560 Hesiodum.⁸)
1449 1484 1514 1543 Hoc

232 1576 360 1633 Tzetzae
383 1592 462 1649 opus
486 1574 516 1630 in
539 1591 630 1632 usum
654 1591 745 1634 suum
768 1575 917 1632 convertit
931 1574 1152 1649 Palaeocappa‚
1179 1574 1232 1651 qui
1246 1575 1413 1632 tractatum
1429 1574 1514 1632 illuni

231 1660 303 1742 περί
332 1661 453 1733 τάξεως
483 1665 626 1742 ποιητῶν
654 1682 674 1721 a
698 1682 731 1720 se
754 1664 823 1738 ipso
847 1663 1013 1721 conflatum
1035 1662 1208 1721 Andronico
1231 1661 1312 1722 falso
1336 1659 1513 1737 attribuit.⁴l

232 1754 393 1812 Praeterea
408 1753 466 1811 boc
481 1752 549 1811 loco
566 1752 846 1810 commemorandus
862 1755 911 1810 est
923 1751 1142 1810 Constantinus
1153 1751 1304 1818 Lascaris,
1323 1751 1376 1826 qui
1389 1752 1514 1827 scripsit

233 1843 269 1899 de
285 1845 386 1917 poeta
422 1842 458 1900 cf.
473 1841 626 1915 Migneum
641 1841 818 1916 Patrologia
834 1841 951 1898 Graeca
965 1841 1025 1898 vol.
1042 1840 1099 1900 161
1120 1839 1305 1917 (Bessarion)
1323 1840 1510 1906 eoi-954,

232 1931 389 1988 Pasinium
406 1930 491 1990 codd.
505 1930 609 1988 Graec.
622 1930 742 1988 Taurin.
756 1930 884 2004 catalog.
897 1948 926 2005 p.
939 1930 1003 1988 374
1013 1948 1058 2006 sq.
1075 1929 1140 1988 cod.
1153 1929 1241 1987 Taur.
1256 1929 1316 1987 261
1337 1947 1362 1988 s.
1374 1926 1510 2010 XVJ'XVI

232 2020 284 2078 fol.
304 2016 483 2100 tillim)
507 2037 586 2095 quos
609 2020 694 2078 locos
719 2019 814 2078 debeo
837 2019 1016 2077 Immischio.

339 2109 398 2167 Sed
410 2109 578 2176 videamus,
597 2110 708 2184 quibus
725 2126 762 2166 ex
778 2107 914 2166 fontibus
927 2107 1068 2166 bascaris
1085 2106 1252 2166 doctrinam
1264 2124 1353 2166 suam
1365 2107 1511 2167 hauserit.

233 2199 317 2268 Quod
342 2215 523 2272 cognoscere
547 2197 667 2256 minime
691 2197 814 2255 dilficile
838 2199 893 2265 est,
920 2197 993 2272 quia
1015 2195 1064 2254 ille
1084 2213 1195 2272 magna
1212 2213 1249 2254 ex
1264 2198 1351 2270 parte
1368 2199 1512 2254 auctores

233 2304 307 2346 suos
331 2287 476 2346 nominat.
524 2286 583 2344 Sed
605 2289 703 2346 totam
727 2304 787 2344 rem
811 2304 878 2343 mea
902 2286 1022 2362 quidem
1047 2285 1198 2343 sententia
1221 2285 1265 2342 ita
1288 2284 1435 2352 instituit,
1467 2288 1509 2350 ut,

233 2393 311 2451 quae
328 2377 408 2450 apud
434 2375 598 2451 scriptores
621 2378 740 2434 veteres
765 2376 801 2432 de
824 2375 924 2449 poetis
948 2374 1072 2446 legerat,
1097 2374 1128 2431 in
1152 2391 1220 2432 eum
1236 2377 1413 2448 congereret
1427 2377 1508 2432 trec-

231 2468 340 2526 tatum.
366 2483 455 2541 quem
477 2464 634 2540 inscripsit
655 2461 727 2542 περὶ
749 2467 892 2542 ποιητοῦ.
932 2464 999 2534 Qua
1020 2463 1052 2520 in
1075 2480 1106 2520 re
1122 2462 1263 2520 Irasceris
1287 2462 1417 2520 aliorum
1442 2480 1510 2521 sen·

231 2553 345 2612 tentius
369 2554 593 2629 quodammodo
617 2553 772 2612 conflavit.
810 2552 930 2610 Initium
953 2552 1031 2610 enirn
1054 2551 1129 2610 facit
1152 2569 1172 2609 a
1194 2551 1295 2610 verbis
1320 2552 1509 2618 clarissimis,

232 2661 310 2718 quae
335 2643 450 2718 scripta
471 2643 667 2700 inveniuntur
690 2642 773 2717 apud
796 2632 976 2699 Strabonem
1000 2641 1012 2697 l
1036 2659 1059 2699 c.
1080 2641 1093 2698 1
1121 2636 1140 2719 ξ
1168 2640 1207 2697 10
1231 2639 1268 2716 (p.
1289 2639 1324 2697 11
1352 2640 1511 2715 Kramerl:

232 2730 382 2811 συγγνοίη
408 2729 436 2791 δ’
457 2729 505 2801 ἄν,
529 2728 582 2791 καί
605 2729 634 2790 εἰ
653 2727 796 2810 μυθώδη
820 2725 887 2789 τινὰ
902 2727 1136 2807 προπέπλεκται
1151 2732 1216 2794 τοῖς
1231 2726 1415 2808 λεγομένοις
1431 2727 1510 2789 ἱστο-

232 2823 332 2898 ρικῶς
354 2818 408 2880 καί
432 2817 673 2888 διδασκαλικῶς,
697 2816 751 2878 καὶ
766 2816 806 2879 οῦ
823 2815 872 2878 δεῖ
883 2815 1077 2897 μέμφεσθαι.
1113 2814 1189 2878 οῦδὲ
1206 2813 1266 2896 γὰρ
1283 2814 1404 2896 ἀληθές
1420 2815 1510 2886 ἐστιν,

232 2908 253 2970 ὅ
279 2931 375 2989 φησιν
401 2906 645 2989 Ἐρατοσθένης,
669 2905 722 2967 ιότι
751 2903 884 2987 ποιητὴς
914 2909 977 2973 πᾶς
1007 2904 1188 2986 στοχάζεται
1218 2904 1441 2985 ψυχαγωγίας,
1473 2904 1510 2966 οῦ

233 2996 435 3065 διδασκαλίας
458 2996 583 3077 *χάριν*
600 2994 767 3057 ’τάναντία
792 2992 854 3074 γὰρ
876 2994 908 3056 οί
926 2994 1163 3075 φρονιμώτατοι
1176 2997 1241 3054 τῶν
1257 2992 1329 3072 περὶ
1343 2999 1509 3075 ποιητικῆς

231 3110 258 3148 τι
281 3084 516 3166 φθεγξαμένων
539 3085 671 3166 πρώτην
693 3083 761 3145 τινὰ
783 3083 909 3164 λέγουσι
932 3082 1122 3164 φιλοσοφίαν
1145 3081 1202 3163 τὴν
1225 3082 1401 3164 ποιητικήν.
1433 3080 1509 3144 ἀλλὰ

231 3174 315 3256 πρὸς
333 3173 547 3255 Ἐρατοσθένη
578 3172 639 3254 μὲν
671 3169 765 3241 αὖθις
788 3172 924 3252 ἐροῦμεν
949 3169 999 3233 διδ
1022 3170 1189 3242 πλειόνων,
1221 3171 1255 3233 ἓν
1279 3169 1327 3240 οἷς
1349 3170 1404 3233 καί
1426 3170 1509 3250 περί

231 3269 296 3327 τοῦ
327 3268 486 3345 ποιητοῦ
516 3262 610 3324 πάλιν
640 3263 724 3324 ἔσται
754 3261 857 3342 λόγος.
904 3262 1048 3321 Conferas
1079 3262 1169 3320 veliin
1201 3280 1247 3328 ea,
1280 3279 1360 3336 quac
1389 3263 1509 3322 exhibet

232 3356 372 3415 Irasceris
396 3355 479 3430 apud
501 3353 652 3427 Migneum
675 3354 693 3410 1.
711 3371 734 3413 e.
752 3371 775 3411 ε.
801 3352 878 3410 951;
898 3348 1025 3430 Ἐπειδὴ
1051 3349 1070 3411 ό
1092 3348 1188 3429 λόγος
1210 3347 1295 3429 περὶ
1317 3349 1509 3430 ποιητοῦίλ

231 3444 285 3505 καὶ
314 3447 378 3504 τῶν
401 3441 541 3521 πρώτων
563 3440 718 3522 τυγχάνει,
749 3439 875 3502 λεκτέον
899 3440 939 3500 ἂν
963 3439 1009 3519 εἴη
1035 3436 1110 3518 ὀλίγ’
1140 3438 1215 3499 ἅττα
1237 3436 1430 3517 περὶαύτοῦ
1455 3442 1508 3500 τοῦ

233 3532 390 3612 ὀνόματος
403 3531 442 3594 δι’
458 3529 614 3611 ὠφέλειαν
625 3533 690 3590 τῶν
703 3529 881 3607 ἀκροατῶν.
906 3526 992 3589 Ἐστι
1002 3527 1108 3589 τοίνυν
1120 3525 1253 3608 ποιητὴς
1263 3525 1343 3587 κατὰ
1355 3523 1508 3594 παλαιοὺς

231 3625 360 3700 πρῶτος
382 3619 569 3701 φιλόσοφος,
591 3618 644 3681 καὶ
667 3617 687 3698 ἡ
711 3616 856 3699 ποιητικὴ
881 3615 991 3698 πρώτη
1016 3615 1187 3696 φιλοσοφία
1211 3615 1380 3695 εἰσάγουσα
1397 3615 1443 3684 εἰς
1456 3614 1508 3677 τὸν

231 3710 302 3791 βίον
333 3709 418 3790 ημᾶς
449 3709 484 3770 ἐκ
515 3709 598 3770 νέων
621 3706 675 3769 καὶ
699 3705 895 3769 διδάσκουσα
918 3705 983 3787 ἤθη
1009 3703 1063 3766 καί
1085 3703 1176 3786 πάθη
1201 3702 1256 3766 καί
1277 3703 1409 3784 πράξεις
1430 3702 1505 3785 μεθ’

232 3797 360 3880 ἡδονῆς,
392 3797 436 3859 οῦ
466 3796 576 3878 χάριν
606 3794 857 3877 ψυχαγωγίας
887 3794 1007 3876 μόνον
1036 3794 1216 3874 γινομένη
1242 3790 1336 3854 κατά
1356 3790 1507 3874 Ἐρατο-

232 3887 387 3967 σθένην,
412 3883 504 3947 ἀλλὰ
528 3884 775 3954 διδασκαλίας
797 3881 888 3964 μετὰ
912 3882 1172 3964 ψυχαγωγίας.
1219 3883 1384 3942 Afferenda
1408 3887 1508 3942 autern

338 4028 359 4202 Ξλ
376 4044 625 4178 όόδλγδδδλλδλλόν
642 4094 747 4166 aliquid
766 4095 819 4177 del.

337 4170 359 4307 *λ
377 4167 617 4294 δδθῗιλλδλδιδὴλιδ
625 4163 1129 4307 οδδδδιεδῐίῃρδδλδλόὲλδδιᾳδοαοιεαι
1142 4234 1179 4289 Μ.
1191 4232 1308 4317 Hertuii·
1317 4231 1506 4316 pido-133

338 4312 358 4380 ὅ)
376 4310 555 4366 Pbavcrinus
579 4311 607 4364 in
632 4309 724 4365 lexico
743 4323 795 4362 suo
814 4324 836 4362 s.
855 4325 881 4362 v.
899 4303 1008 4374 ποιηιὴτ
1026 4306 1062 4361 ed
1082 4306 1200 4360 verbum
1219 4309 1369 4375 exscripsit
1386 4303 1507 4360 Tzctzaa

232 4381 433 4454 prolegomena
451 4382 488 4438 ad
507 4380 721 4452 Lycophronem
740 4378 904 4449 composita.
1372 4446 1378 4458 ⁹
1446 4447 1452 4458 ι
1488 4446 1494 4457 Ο

339 4455 358 4524 ⁶)
378 4455 510 4510 Fortasse
523 4451 669 4509 Strabonis
687 4451 779 4506 verbis
797 4449 937 4505 adductus
950 4448 1078 4505 bassaris
1096 4449 1252 4504 tractatum
1270 4462 1353 4502 suurn
1370 4450 1507 4518 inscripsit

230 4529 292 4598 περὶ
309 4531 428 4593 ποιητοῦ.
