3190 4944
754 242 977 300 ..60-

230 418 323 498 ἀσκῷ
331 417 353 496 1)
376 417 526 498 φέροντες
541 416 683 498 σπονδὴν
698 418 811 491 ἔνεμον
825 423 888 486 τοῖς
900 418 1067 482 ὑπαντῶσι.
1107 419 1262 500 στέφανόν
1276 443 1308 482 τε
1322 421 1510 500 περιέκειντο
1577 435 1578 460 ³

231 506 286 570 καί
308 507 424 586 κέρατα
448 505 578 587 ἐλάφων
599 505 764 586 προέκειτο
788 506 893 575 αὐτοῖς
908 553 915 569 .
930 505 1009 587 μετὰ
1032 507 1140 589 χεῖράς
1162 531 1193 570 τε
1216 507 1300 590 εἰχον
1315 508 1509 590 λαγωβόλον.

228 595 250 658 ό
274 594 308 658 δὲ
331 595 461 677 νικήσας
488 595 645 677 ἐλάμβανε
674 600 730 658 τσῦ
761 595 948 677 ήττηθέντος
977 594 1032 658 τὸν
1062 596 1165 676 ἄρτον.
1211 597 1358 667 κάκεῖνος
1379 597 1439 679 μέν
1462 599 1510 660 ἐπὶ
1577 633 1578 678 1

229 691 284 766 τής
313 689 377 746 τῶν
407 683 672 764 Συράκουσίωνί)
703 685 793 761 ἔμενε
821 684 960 758 πόλεως,
997 685 1028 747 οἰ
1065 684 1101 747 δὲ
1140 687 1335 768 νενικημένοι
1375 689 1420 756 εἰς
1457 687 1510 757 τὰς

228 773 433 854 περιοικιδίας
464 773 623 855 ἐχώρουν,
654 773 830 855 ἀγείροντες
859 775 981 844 ἑαυτοῖς
1009 771 1065 843 τὰς
1094 775 1224 855 τροφάς.
1269 776 1452 857 παρεῖχόνῧ)
1479 801 1510 838 τε

228 863 307 924 ἄλλα
330 887 361 924 τε
384 862 511 932 παιδιᾶς
533 863 605 935 ἄξια
628 862 682 924 καὶ
705 861 744 944 δή
768 861 822 925 καί
843 862 917 925 τάδε
938 863 1135 943 προςέλεγον.

603 951 698 1024 Δέξαι
719 949 776 1014 τὰν
797 950 925 1032 ἀγαθάν
947 952 1053 1034 τύχαν,

604 1040 691 1112 δέξαι
712 1039 769 1102 τδιν
791 1040 917 1123 ὑγίειαν,

603 1129 673 1206 ew)
697 1129 839 1211 φέρομεν
860 1129 947 1210 παρὰ
970 1132 1024 1212 τῆς
1047 1130 1137 1202 θεοῦ,

603 1219 642 1280 ἂν
665 1217 865 1293 ἐκαλέσατοῧ)
887 1219 974 1301 τήνα.
997 1253 1042 1264 -
1311 1277 1313 1282 .

229 1307 275 1370 ότι
298 1307 317 1370 ὁ
339 1306 399 1390 μὲν
422 1307 518 1388 ἄρτος
539 1305 593 1369 καί
615 1307 635 1368 ό
656 1302 743 1377 οἰνος
765 1307 818 1370 καὶ
841 1309 861 1389 ή
883 1307 1007 1390 σπονδὴ
1031 1313 1144 1391 σημεῖα
1171 1309 1299 1391 εἰρήνης
1326 1307 1416 1390 ήσαν.
1462 1311 1509 1372 ἐπὶ

228 1396 337 1479 εἰρήνῃ
371 1395 440 1476 γάρ,
469 1395 516 1465 ῶς
538 1396 720 1479 ῥηθήσεται,
744 1397 871 1478 εὕρηται
892 1396 929 1459 τά
952 1397 1136 1479 βουκολικά.
1182 1398 1257 1480 ήτε
1279 1399 1507 1480 πανσπερμίαί)
1577 1409 1578 1412 ’

228 1484 372 1567 τήνάπδ
395 1491 450 1566 τῆς
480 1486 606 1568 εἰρήνης
629 1485 768 1549 ἐπίδοσιν
791 1485 825 1548 ἐν
850 1491 917 1556 ταῖς
943 1485 1052 1549 πόλεσι
1079 1486 1173 1568 δηλοῖ
1184 1535 1191 1549 .
1208 1486 1362 1557 ῶςαύτως
1393 1487 1428 1550 δὲ
1458 1488 1508 1550 καί

228 1575 248 1638 ὁ
272 1575 427 1655 στέφανος
448 1574 538 1657 νίκης
559 1598 602 1656 τε,
615 1575 681 1656 ἅμα
705 1574 868 1657 σύμβολον
882 1574 937 1638 καὶ
951 1579 1062 1656 χαρᾶς.
1100 1575 1247 1658 ἐνίκησαν
1257 1577 1276 1656 ²)
1294 1576 1355 1657 γὰρ
1371 1577 1403 1639 σί
1425 1576 1507 1639 διαλ-

228 1662 366 1742 λακταίῧή
391 1662 609 1736 διαλλάξαντες
630 1663 704 1734 τοὺς
727 1664 760 1726 ἐν
782 1669 848 1734 ταῖς
869 1663 1094 1745 Συρακούσαις
1122 1665 1351 1738 στασιάζοντας.
1399 1663 1447 1728 ὧν
1471 1666 1507 1748 δὴ

229 1749 456 1835 διαλλακτῶν9)
486 1751 584 1815 τόπον
614 1753 738 1835 ἐπεῖχον
769 1753 800 1815 οί
829 1751 866 1815 τὰ
893 1752 1069 1835 βουκολικά
1097 1754 1227 1835 ᾅδοντες
1243 1802 1250 1816 .
1265 1753 1302 1816 τὰ
1327 1753 1362 1817 δὲ
1384 1755 1508 1835 κέρατα,

229 1929 353 1992 δέδοται
369 1976 377 1993 .
392 1929 509 2009 vobem)
531 1936 638 2012 νομεῖς
661 1930 696 1994 δὲ
724 1933 756 1994 οἰ
776 1930 814 1994 τὰ
843 1930 1018 2013 βουκολικὰ
1049 1931 1215 2002 συνθέντες
1245 1933 1432 2013 ἐμιμοῦντο,
1464 1934 1508 2002 ῶς

229 2020 359 2101 ἔφημεν.
399 2019 452 2082 καί
474 2025 538 2082 τῶν
560 2019 687 2102 θηρίων
711 2020 746 2083 δὲ
768 2021 802 2083 αῖ
822 2020 947 2102 μορφαὶ
969 2025 1025 2084 τοῦ
1041 2019 1153 2090 Πανός
1167 2021 1273 2084 ἕνεκεν
1288 2021 1507 2103 λαμβάνονται,

229 2108 336 2189 ἐπειδὴ
360 2109 394 2172 ἐν
415 2115 479 2180 τοῖς
502 2109 588 2190 ὄρεσι
609 2109 664 2172 καί
685 2115 752 2178 ταῖς
779 2110 922 2192 ἐρημίαις
951 2109 1160 2190 παραδίδοται
1192 2109 1370 2192 διατρίβειν,
1403 2111 1507 2180 τόποις

228 2197 411 2279 θηριώδεσι,
442 2197 495 2260 καὶ
528 2199 595 2280 ἅμα
626 2198 681 2261 καὶ
711 2197 806 2268 αὐτὸς
835 2197 873 2261 τὰ
903 2199 991 2262 κάτω
1019 2198 1168 2281 τραγώδη
1200 2199 1254 2261 καί
1283 2198 1374 2262 λάσια
1406 2223 1506 2280 παρα-

230 2286 348 2350 δίδοται
379 2287 467 2368 έχειν.
520 2286 574 2350 καί
603 2286 639 2350 τδ
669 2287 857 2370 λαγωβόλον
888 2287 923 2350 δὲ
952 2293 1009 2351 τοῦ
1039 2288 1137 2351 αὐτοῦ
1169 2289 1281 2351 ἕνεκεν.
1333 2287 1419 2358 εἰκὸς
1450 2289 1507 2370 γάρ

228 2374 324 2440 αὐτὸν
346 2375 400 2439 καί
423 2378 595 2458 κυνηγέτην
618 2375 696 2441 εἰναι
717 2382 781 2446 τοῖς
811 2378 916 2458 ὄρεσιν
947 2377 1186 2459 ἐνδιατρίβοντα.
1239 2377 1293 2440 καί
1323 2376 1389 2458 μὴν
1413 2378 1466 2440 καὶ
1488 2379 1505 2459 ή

228 2465 399 2547 πρόςρησις
422 2471 553 2547 σημεῖον
575 2466 702 2548 εἰρήνης
724 2465 771 2547 ήν.
818 2466 1003 2547 εὐδαίμονες
1032 2465 1092 2547 μὲν
1123 2465 1183 2547 γὰρ
1215 2467 1246 2528 ολ
1274 2467 1446 2547 ἅνθρωποι
1477 2468 1507 2529 ἐν

228 2555 335 2636 εἰρήνη
359 2555 593 2637 κακοδαίμονες
616 2554 651 2618 δὲ
674 2556 808 2635 γίνονται
831 2556 865 2618 ἐν
886 2560 933 2636 τῷ
955 2555 1096 2636 πολέμῳ.

335 2647 364 2707 2.
387 2643 435 2706 ότι
458 2645 489 2706 οἰ
510 2644 570 2726 μέν
592 2667 689 2726 φασιν
711 2644 939 2726 εὑρεθῆναι
962 2644 1308 2725 ένΛακεδαίμονι
1330 2644 1367 2706 τὰ
1388 2646 1504 2726 βουκο-

228 2731 299 2794 λικὰ
330 2737 467 2813 πρῶτον,
497 2738 544 2815 τῷ
574 2732 684 2814 τρόπῳ
713 2733 825 2814 τούτῳ.
873 2732 944 2795 Τῶν
971 2731 1143 2812 Περσικῶν
1172 2733 1352 2796 ἐνεστώτων
1383 2734 1426 2796 ἐτι
1455 2733 1506 2795 καί

228 2821 326 2903 φόβῳ
348 2826 453 2884 πᾶσαν
475 2822 531 2904 τήν
558 2821 692 2884 Ἑλλάδα
718 2821 940 2902 ταρασσόντων
963 2821 1067 2904 ἐνέστη
1091 2846 1135 2892 τις
1144 2822 1181 2901 ²¹)
1215 2821 1306 2904 ἑορτή
1327 2821 1506 2909 Ἀρτέμιδος

228 2909 477 2992 Καρυάτιδοςέλ)
503 2910 575 2973 Τῶν
590 2909 649 2973 οῦν
663 2911 837 2991 παρθένων
851 2911 1085 2993 κεκρυμμένων
1102 2910 1153 2974 διὰ
1168 2910 1225 2992 τήν
1241 2911 1277 2974 ἐκ
1292 2916 1348 2974 τοῦ
1363 2911 1504 2992 πολέμου

227 2999 368 3081 ταραχήν
391 2999 537 3080 άχροῖκοί
556 3023 635 3068 τινες
657 3000 847 3069 εἰςελθόντεό
873 2999 964 3071 ἰδίαις
987 2999 1087 3081 ᾠδαῖς
1113 2999 1170 3081 τήν
1185 2999 1331 3080 Ἄρτεμιν
1354 3001 1505 3082 ὕμνησαν,

227 3095 284 3170 τῆς
300 3087 334 3151 δὲ
349 3089 469 3151 τούτων
486 3089 577 3171 ξένης
591 3088 716 3170 μούσης
739 3088 865 3170 ἀρίστης
873 3088 909 3168 ¹³)
934 3090 1105 3171 γενομένης
1127 3089 1296 3169 παρέμεινε
1310 3087 1345 3150 τδ
1363 3089 1440 3159 ἔθος
1455 3089 1505 3151 καὶ

228 3177 405 3260 ἐφυλάχθη.
428 3214 473 3222 -
504 3179 534 3240 οἱ
564 3177 600 3240 δέ
627 3200 723 3259 φασιν
750 3178 783 3240 ἐν
805 3177 839 3239 Σ
845 3178 953 3260 ηκελί
959 3201 980 3259 ᾳ
1010 3183 1139 3258 πρῶτον
1162 3177 1374 3260 ἐξευρεθῆναι,
1398 3178 1504 3259 τρόπῳ

227 3267 349 3348 τοιῷδε.
390 3265 628 3347 Ἐξενεχθέιαος
650 3272 696 3348 τῷ
714 3264 846 3348 Ὀρέστῃ
870 3273 1018 3349 χρησμοῦ
1042 3268 1075 3330 έν
1098 3266 1174 3329 έπτὰ
1197 3273 1352 3347 ποταμοῖς
1375 3267 1411 3330 ἐκ
1434 3273 1505 3349 μιᾶς
1577 3309 1578 3314 1

227 3357 331 3437 πηγῆς
354 3355 480 3435 ῥέουσιν
499 3355 738 3418 ἁπολοῦσασθαι
762 3355 805 3425 εἰς
828 3353 950 3437 Ῥήγιον
965 3362 1020 3438 τῆς
1044 3355 1175 3425 Ἰταλίας
1193 3354 1372 3436 πορευθεὶς,
1396 3357 1504 3437 φέρων

228 3444 282 3506 καί
311 3448 366 3526 τής
396 3443 576 3525 Ἀρτέμιδος
607 3443 722 3516 ξόανον
744 3445 824 3526 μεθ’
858 3445 979 3517 ἑαυτοῦ,
1008 3445 1074 3507 ἐκεῖ
1094 3445 1127 3507 ἐν
1150 3451 1213 3514 τοῖς
1235 3445 1417 3526 λεγομένοις
1441 3445 1504 3508 δια-

335 3602 354 3706 ζ)
373 3599 453 3652 ἐίσκδν
471 3601 531 3690 βλ,

334 3678 355 3812 ή
373 3691 585 3813 Ϊηίἷαλῗζλήδ
603 3743 656 3798 ιιι.
676 3740 755 3798 τισι.

334 3815 354 3882 ⁴)
374 3814 392 3867 ἂ
410 3813 564 3869 Ahrensius
581 3821 629 3872 τᾶς
646 3815 678 3870 G.
698 3815 882 3871 HermannuS.

334 3886 354 3956 δή
373 3883 515 3938 ἐκαλέσατο
541 3884 628 3942 etiam
646 3885 786 3956 Galliam
813 3887 887 3942 aliae
911 3887 1047 3942 lectiones
1071 3882 1232 3962 έκαλέησατα
1253 3889 1282 3941 et
1301 3885 1469 3940 ἕκαλέσαντοε
1489 3878 1504 3951 ᾇ
1577 3923 1578 3926 =

227 3955 362 4024 ’κελήσατο
381 3957 541 4012 Ahrensius.

334 4029 353 4094 θλ
372 4043 457 4099 supra
474 4027 645 4099 πᾶνσιτερμία
663 4028 720 4099 (sio)
740 4029 851 4098 signum
870 4029 1020 4096 σημείωσαι.

334 4102 353 4165 ⁷)
373 4098 533 4171 ἐνίκηήήσαν.

334 4173 355 4240 ⁸)
375 4167 523 4224 διαλακταλ.

334 4244 353 4311 ⁹)
373 4239 653 4314 διαλακτῶνήήτόπον.

322 4317 345 4347 10
450 4334 453 4340 ·
495 4315 501 4333 “

322 4315 353 4455 Πλ
371 4315 711 4450 ἰίἰλίαέἰιίἰαίάλίἰιῶοοττ.

323 4458 354 4524 ¹2}
371 4452 527 4527 καρυάτιδος
544 4457 583 4525 (ου
600 4472 685 4526 supra
703 4476 721 4508 a
739 4455 832 4526 prius).

323 4530 353 4599 18)
373 4527 480 4599 ἀρεστῆς
498 4527 636 4582 Reiskeus
656 4530 686 4582 et
703 4527 950 4583 HemsterhuisiuS.
