3190 4944
641 247 863 305 ..75-

216 424 314 481 Etiam
338 424 374 481 de
399 425 490 482 choro
514 442 644 499 poeseos
669 394 854 483 dramaticae
877 425 998 483 videtur
1021 443 1089 484 esse
1114 428 1225 492 actum,
1256 425 1286 482 id
1310 426 1392 500 quod
1445 403 1448 408 ¹

112 531 147 570 ex
177 513 261 571 hisce
292 513 433 571 anecdoti
470 513 572 571 verbis
608 514 751 588 cognosci
778 516 881 588 potest
905 510 935 593 (ᾖ
953 513 996 591 bl:
1028 511 1074 573 ὅτι
1104 511 1282 593 κωμῳδίας
1313 511 1392 574 ἴδιον

110 598 144 661 τὸ
168 600 249 680 ἔχειν
272 598 322 661 κδ’
347 598 500 680 χορευτὰς
522 599 576 661 καί
597 600 794 681 τετράγωνον
825 599 925 681 χορὸν
955 600 1009 662 καί
1038 599 1074 662 τδ
1102 601 1209 682 ὕβρεις
1231 599 1317 669 τινὰς
1339 600 1394 663 καὶ

6 749 7 754 ,
111 689 289 770 σκώμματα
312 687 466 769 ἔχεινκαὶ
489 689 666 751 συνιστάναι
688 687 743 751 τδν
765 689 836 771 βίον
860 688 911 752 διὰ
926 694 991 752 τῶν
1005 689 1158 752 τοιούτων
1174 690 1392 771 σκωμμάτων.

111 776 129 859 ξ
154 780 182 838 6.
238 777 283 839 ὅτι
320 777 499 858 τραγῳδίας
535 777 614 840 ἴδιον
653 776 689 839 τδ
724 778 947 841 πεντεκαίδεκα
978 779 1059 860 ἔχειν
1089 777 1243 860 χορευτὰς
1273 778 1327 842 καί
1356 776 1392 840 τὸ

109 866 253 948 θρήνους
291 865 389 947 λέγειν
427 866 481 929 καὶ
519 865 664 947 οἰμωγὰς
701 867 755 929 καὶ
790 866 840 930 διὰ
874 867 996 930 τούτων
1029 866 1192 930 καταλύειν
1226 866 1280 929 τδν
1313 868 1392 950 βίον.

109 957 199 1033 Apud
216 958 358 1015 Taetzem
381 961 483 1016 eutem
506 957 537 1015 in
561 959 781 1033 prolegomenis
809 959 849 1017 ad
863 959 1089 1034 Lycophronem
1105 959 1181 1016 baec
1197 959 1393 1017 inveniuntur

109 1065 136 1122 p.
154 1047 228 1106 254.
252 1046 304 1105 M.:
336 1043 492 1126 διάφορον
516 1044 550 1106 δὲ
575 1045 680 1114 αὐτοῖς
709 1044 745 1107 τὸ
775 1045 832 1126 τὴν
866 1045 1045 1127 κωμῳδίαν
1076 1045 1196 1126 γέλωτα
1227 1046 1309 1126 ἔχειν
1339 1044 1393 1107 καί

109 1134 289 1215 σκώμματα
312 1133 366 1196 καὶ
388 1133 470 1212 ndu)
498 1133 661 1214 χορευτάς,
684 1133 741 1216 τὴν
765 1133 800 1196 δὲ
819 1134 998 1216 τραγῳδίαν
1013 1133 1155 1203 καὶτοὺς
1171 1134 1326 1215 σατύρους
1342 1134 1391 1196 ἐπ’

109 1224 176 1304 ἴσης
207 1221 267 1303 μὲν
298 1223 380 1303 ἔχειν
410 1221 564 1303 χορευτὰς
594 1224 632 1292 ις’
641 1221 664 1300 δ)
688 1228 718 1282 et
748 1226 778 1283 in
813 1225 923 1285 iambis
954 1223 1026 1305 περί
1061 1223 1218 1305 διαφορᾶς
1251 1228 1392 1305 ποιητῶν

109 1333 136 1372 v.
157 1314 229 1372 108.
254 1331 334 1388 sqq.:
434 1311 593 1392 διαφορὰν
614 1311 762 1392 μάνύανε
784 1318 839 1393 τῆς
861 1312 1047 1394 κωμῳδίας,

434 1397 472 1481 ἧς
494 1401 740 1482 εἰκοσιτέσσαρες
762 1401 794 1463 oi
814 1401 1012 1483 χορεργύται,

431 1489 600 1552 ἑκκαίδεκα
624 1489 659 1552 δὲ
682 1490 830 1571 σατύρων
851 1490 1037 1572 τραγῳδίας.

109 1581 252 1639 Eiusdem
285 1581 442 1639 doctrinae
472 1582 604 1656 vestigia
632 1583 793 1639 traduntur
815 1582 847 1640 in
870 1582 1087 1640 commentario
1110 1581 1308 1657 Melampodis
1338 1599 1393 1640 seu

110 1669 265 1728 Diomedis
307 1670 339 1726 in
375 1671 451 1728 artis
486 1669 611 1746 Dionys.
636 1668 691 1751 §2
714 1689 742 1746 p.
762 1671 811 1739 18,
823 1671 851 1729 8.
875 1670 925 1729 Η.;
957 1669 987 1730 οἱ
1018 1667 1078 1750 γὰρ
1109 1668 1257 1750 χορευταὶ
1287 1669 1393 1730 αὐτῶν

110 1756 143 1818 ἐν
164 1756 356 1837 τετραγώνῳ
378 1757 514 1838 σχήματι
538 1757 695 1838 ἱστάμενοι
717 1757 755 1819 τὰ
775 1762 841 1821 τῶν
855 1762 1014 1839 τραγικῶν
1030 1757 1256 1820 ἐπεδείκνυντο.
1290 1755 1393 1820 Ἦσαν

111 1844 144 1907 δὲ
166 1849 231 1907 τῶν
253 1844 313 1926 μὲν
335 1851 495 1926 τραγικῶν
517 1845 665 1927 χορευταί
688 1846 737 1919 ιδ’,
766 1851 830 1909 τῶν
854 1846 888 1910 δὲ
910 1851 1069 1928 κωμικῶν
1092 1846 1152 1909 κδ’.
1181 1847 1312 1915 ἕκαστος
1336 1843 1394 1908 σύν

6 1991 7 2004 ,
110 1932 242 2016 ποιητὴς
263 1933 412 2015 τραγικὸς
433 1934 488 1996 καί
510 1934 657 2015 κωμικὸς
676 1933 739 2016 εἶχε
754 1936 886 2004 τούτους
901 1935 1228 2017 προεκμανδάνσντας
1242 1935 1279 1997 τὰ
1296 1936 1393 1998 αὐτοῦ

109 2023 162 2085 καὶ
192 2024 409 2104 τρεφομένους
440 2022 504 2085 ἀπὸ
535 2029 590 2086 τοῦ
623 2023 788 2105 δημοσίου.
842 2028 886 2084 De
925 2044 1049 2084 numero
1084 2027 1175 2100 igitur
1206 2027 1394 2101 singulorum

110 2116 271 2172 chororum
302 2115 422 2173 minime
450 2115 645 2173 consentiunt
668 2119 818 2173 auctores,
865 2115 925 2173 Sed
958 2117 986 2173 si
1016 2116 1165 2173 rationem
1196 2116 1394 2174 babuerimus

109 2204 217 2261 horum
232 2203 368 2261 Pollucis
391 2206 551 2262 verborum
568 2204 618 2272 IV,
636 2204 710 2262 108:
734 2202 788 2264 καὶ
810 2207 961 2283 τραγικοῦ
984 2201 1044 2283 μὲν
1066 2207 1177 2283 χοροῦ,
1201 2201 1280 2283 ζυγὰ
1304 2203 1394 2264 πέντε

110 2290 145 2352 ἐκ
176 2295 281 2371 τριῶν.
316 2290 370 2352 καί
401 2297 518 2371 στοῖχοι
548 2296 629 2371 τρεῖς
667 2290 702 2352 ἐκ
740 2292 839 2353 πέντε.
877 2290 1100 2354 πεντεκαίδεκα
1134 2289 1216 2372 ἦσαν
1246 2291 1265 2353 ὁ
1296 2291 1395 2372 χορός

111 2392 140 2439 et
166 2381 241 2439 109:
266 2378 284 2440 ὁ
309 2378 344 2442 δὲ
366 2379 512 2461 κωμικὸς
535 2378 633 2460 χορὸς
655 2381 794 2461 τέτταρες
816 2380 870 2442 καί
890 2381 1006 2442 εἴκοσιν
1022 2380 1054 2442 oi
1068 2381 1221 2461 χορευταί,
1248 2379 1328 2461 ζυγὰ
1349 2381 1391 2452 ἔξ,

109 2470 320 2543 intellegemus
343 2489 389 2540 ea,
415 2489 494 2547 quae
517 2472 549 2529 in
570 2472 719 2530 anecdoto
735 2471 798 2530 Est.
814 2472 1017 2539 inveniuntur,
1045 2489 1113 2529 esse
1129 2468 1394 2548 comprobanda.⁸l

109 2559 272 2617 Praeterea
294 2577 362 2618 mea
386 2561 507 2635 quidem
531 2561 683 2618 sententia
706 2561 804 2618 dicere
835 2577 1002 2636 possumus
1034 2560 1065 2618 in
1097 2578 1134 2617 ea
1165 2565 1230 2619 arte
1261 2563 1392 2636 poetica,

111 2667 147 2706 ex
181 2666 244 2724 qua
278 2649 418 2707 Proclum
453 2650 592 2725 aliosque
627 2653 769 2708 auctores
803 2651 961 2707 materiam
996 2667 1084 2707 suam
1120 2650 1291 2724 sumpsisse
1326 2668 1394 2707 cum

111 2737 248 2796 Kaibelio
273 2741 320 2795 est
351 2739 555 2808 statuendum,
589 2739 626 2797 de
656 2756 788 2814 poeseos
813 2739 997 2796 dramaticae
1030 2739 1121 2796 cboro
1153 2756 1222 2796 esse
1253 2736 1393 2816 actum.⁴)

219 2827 334 2896 Quibus
359 2829 508 2901 expositis
533 2829 719 2901 argumentis
751 2830 968 2903 comprobasse
999 2828 1071 2884 mihi
1101 2827 1207 2885 videor
1238 2831 1394 2886 auctorem

111 2916 251 2972 anecdoti
275 2915 414 2973 Estensis
438 2917 469 2973 in
492 2918 589 2990 prima
612 2920 643 2975 et
666 2917 764 2975 altera
787 2921 873 2992 parte
897 2920 927 2975 et
950 2917 1094 2974 Tzetzam
1116 2917 1148 2974 in
1171 2916 1393 2991 prolegomenis

112 3005 150 3061 ad
174 3005 410 3080 Lycophronem‚
436 3006 467 3062 in
490 3007 599 3064 iambis
619 3003 690 3084 περί
707 3003 864 3085 διαφορᾶς
879 3008 1029 3084 ποιητῶν,
1054 3006 1085 3062 in
1108 3005 1330 3079 prolegomenis
1355 3006 1394 3063 ad

111 3094 277 3151 Hesiodum
309 3111 345 3150 ex
377 3094 490 3152 eisdem
518 3095 655 3152 fontibus
679 3095 832 3165 hausisse,
867 3113 904 3152 ex
935 3096 1046 3171 quibus
1078 3095 1219 3152 'l'zetzam
1243 3095 1274 3152 in
1297 3096 1395 3169 prole-

111 3183 248 3254 gomenis
265 3178 337 3260 περὶ
352 3180 530 3261 κωμῳδίας
553 3185 682 3258 pendere
699 3185 921 3242 demonstravit
935 3183 1107 3242 Kaibelius:
1132 3184 1199 3241 dico
1220 3184 1339 3241 scholia
1355 3184 1394 3241 ad

112 3271 292 3348 Dionysium
316 3272 469 3341 Thracem,
496 3272 644 3341 Proclum,
671 3273 816 3340 Orionem,
842 3273 1012 3348 Didymum.

219 3360 278 3418 Sed
302 3362 466 3435 quaeritur,
500 3363 572 3438 quid
602 3362 674 3418 novi
707 3361 856 3418 lucremur
888 3379 925 3419 ex
956 3361 1098 3420 anecdoti
1131 3363 1270 3436 partibus
1294 3362 1394 3419 adhuc

111 3451 264 3508 tractatis.
311 3449 344 3506 ln
367 3451 465 3525 prima
488 3454 574 3525 parte
605 3450 746 3507 anecdot-i
777 3459 885 3508 auctor
917 3468 1102 3526 quamquam
1132 3450 1287 3508 nonnullis
1318 3450 1393 3508 locis

112 3538 205 3612 paulo
231 3539 333 3595 diflert
356 3557 375 3595 a
391 3540 519 3597 'l'zetzae
536 3539 851 3607 commentationibus
877 3543 979 3597 tamen
1003 3540 1033 3596 in
1057 3541 1233 3598 universum
1258 3556 1325 3596 cum
1350 3540 1393 3596 eis
1425 3565 1429 3572 ¹

113 3628 262 3701 congrum
287 3627 324 3685 de
348 3627 446 3686 altera
469 3632 570 3685 autem
594 3631 680 3702 parte
704 3629 809 3685 eodem
841 3627 930 3685 modo
962 3631 1010 3685 est
1040 3629 1244 3687 iudicandum.
1290 3628 1393 3703 Neque

111 3733 183 3772 vero
209 3719 309 3790 caput,
337 3718 418 3791 quod
443 3721 491 3775 est
514 3718 550 3774 de
573 3714 708 3796 δυμέλη,
740 3717 892 3775 invenitur
922 3717 954 3774 in
977 3717 1105 3776 Tzetzae
1137 3718 1330 3784 tractatibus,
1363 3718 1394 3773 in

112 3805 223 3879 quibus
248 3805 350 3878 agitur
373 3806 409 3862 de
431 3807 591 3878 tragoedia
615 3809 645 3863 et
668 3807 833 3864 comoedia.
879 3805 1041 3863 Praeterea
1071 3807 1160 3880 plura
1189 3807 1220 3863 in
1244 3806 1393 3863 anecdoto

112 3894 228 3968 scripta
252 3897 376 3950 exstant
399 3894 435 3951 de
458 3895 565 3952 fabula
588 3895 723 3969 satyrica
746 3911 838 3969 quam
862 3895 943 3969 apud
967 3888 1116 3953 Tnetzam.

219 3983 282 4038 lam
314 3982 354 4039 ad
383 3983 504 4040 tertiam
533 3984 674 4044 anecdoti
705 3988 821 4058 partem
844 3986 1047 4050 transeamus
1074 4001 1153 4058 quae
1177 3987 1226 4041 est
1248 3983 1285 4041 de
1308 3982 1394 4058 poesi

111 4070 259 4128 bucolica.
305 4070 387 4128 Haec
420 4075 523 4129 autem
545 4090 617 4147 pars
642 4073 826 4147 singularem
850 4073 1000 4148 quendam
1023 4072 1122 4129 locum
1147 4073 1271 4132 obtinet.
1316 4071 1395 4129 Nam

112 4159 207 4216 multo
240 4159 415 4235 ampliorem
443 4162 587 4235 scriptam
618 4163 793 4220 memoriam
824 4163 950 4236 praebet
980 4178 1070 4235 quam
1102 4180 1139 4218 ea
1169 4161 1392 4237 prolegomena,

220 4316 238 4408 ζ)
258 4314 304 4368 Sic
314 4331 377 4370 esse
387 4316 563 4370 scribendum
573 4333 608 4371 ex
614 4317 738 4371 'I‘zetzae
748 4317 847 4371 iambis
855 4319 917 4386 περὶ
927 4311 1056 4386 διαφορᾶς
1067 4321 1185 4382 ποιητῶν
1194 4279 1394 4386 intellegimus.

220 4388 240 4524 *ί
259 4385 296 4510 (cel
315 4386 477 4513 &sellium
496 4459 571 4530 apud
591 4459 860 4529 Pauly-wissowam
879 4475 901 4513 e.
921 4475 949 4517 v.
967 4457 1060 4530 e(lhor’
1079 4457 1134 4513 vol.
1148 4459 1194 4514 111.
1213 4458 1293 4514 2391.
1408 4435 1411 4441 ⁴

219 4528 238 4596 *γ
259 4528 296 4582 ei.
315 4529 472 4585 Kaibelium
491 4531 508 4584 l.
522 4548 545 4586 s.
559 4548 581 4585 s.
600 4547 627 4601 p.
640 4531 684 4586 66.
