3190 4944
745 235 967 292 ..80-

215 410 337 489 ταχέως
359 410 501 490 τρέχειν·
518 409 596 472 ὅθεν
619 410 673 472 καλ
696 410 790 491 κέλης
807 411 825 472 ό
840 409 983 491 μονόζυξ
1006 411 1101 479 ἵππος
1117 411 1171 473 καὶ
1188 411 1352 493 δρομικός.
1384 415 1495 472 Eadem

215 500 276 558 fere
309 503 403 558 verba
437 501 552 576 scripta
586 502 714 576 legimus
750 503 780 558 in
812 502 907 577 Etym.
940 502 1017 561 Gud.
1041 502 1173 568 414,14
1198 522 1221 561 s.
1244 521 1271 561 v,
1296 501 1447 582 νωχελής,
1477 501 1496 564 ό

217 586 400 668 δυσκίνητος
429 587 483 649 καὶ
506 587 613 668 ἀργός,
645 587 788 669 νωκελής
809 612 853 657 τις
876 589 925 650 ῶν
941 588 983 650 ’ό
1006 589 1051 670 μὴ
1075 588 1197 652 κέλλων
1213 607 1219 622 ·
1236 589 1354 652 κέλλειν
1378 590 1414 653 δέ
1437 591 1496 653 ἐστι

215 675 249 737 τὸ
272 678 394 757 ταχέως
416 677 543 758 τρέχειν,
575 677 632 758 ἀφ’
657 673 696 739 οὗ
727 677 830 758 κέλης,
862 677 881 739 ό
910 679 1065 758 μονῶνυξ
1094 680 1192 747 ἱππος
1222 679 1276 741 καὶ
1307 676 1495 763 δρομικόςλ)

216 767 300 838 Quae
325 769 428 825 omnia
451 769 490 825 ad
515 768 652 826 Orionem
681 786 748 826 esse
780 769 937 827 referenda
960 787 1106 844 apparere
1138 788 1256 828 censeo.
1303 770 1362 828 Sed
1386 772 1417 828 in
1442 772 1495 840 eis,

216 874 294 932 quae
318 860 471 925 secuntur,
504 858 535 913 in
566 858 716 916 anecdoto
740 858 802 915 Est.
827 858 946 933 Didymi
970 860 1065 916 verba
1097 859 1212 934 scripta
1235 860 1382 927 videmus,
1419 876 1496 935 quae

215 947 254 1002 ab
278 946 419 1004 anecdoti
443 950 566 1003 auctore
591 948 832 1022 comprobantur.
870 946 950 1004 Dicit
975 948 1065 1006 enim:
1090 945 1199 1026 ἄριστα
1224 946 1259 1009 δέ
1282 946 1300 1007 ό
1324 941 1497 1030 Δίδυμοςὶ)

215 1034 338 1113 εἴρηκεν
367 1031 510 1094 ἀπὸτοῦ
540 1034 620 1114 βοῦς
642 1032 696 1094 καὶ
718 1038 774 1095 τοῦ
796 1035 908 1114 κομέω
926 1059 968 1090 m
984 1039 1080 1114 κομῶ
1102 1034 1138 1095 τδ
1162 1035 1371 1117 έπιμελοῦμαι
1393 1036 1498 1117 παρά-

216 1120 336 1202 γεσύαι,
366 1122 533 1203 βουκόμος
562 1122 616 1184 καὶ
638 1121 797 1204 βουκόλος
820 1123 927 1204 ὥςπερ
950 1122 1004 1184 κοὶ
1027 1123 1209 1204 ἱπποκόμος
1225 1173 1231 1185 .
1248 1125 1277 1186 εἰ
1298 1124 1410 1187 δὲκαὶ
1434 1122 1498 1187 ἀπὸ

214 1217 270 1272 τοῦ
282 1212 390 1292 κορέω
408 1236 450 1266 cv
466 1216 557 1291 κυρῶ
573 1211 733 1293 παράξεις,
750 1211 845 1274 οὐδὲν
861 1212 1038 1281 ἀπεικότως
1053 1213 1133 1293 ἐρεῖς
1148 1212 1312 1294 βουκόρον
1326 1213 1431 1294 λέγων
1446 1214 1499 1277 καὶ

215 1299 374 1381 βουκόλον
392 1349 397 1361 .
414 1300 447 1361 ἐν
471 1301 603 1381 ἑκατέρᾳ
627 1299 687 1381 γὰρ
710 1307 890 1383 παραγωγῇ
915 1300 1112 1383 ἀμετάβολον
1140 1303 1184 1370 εἱς
1207 1301 1407 1384 ἀμετάβολον
1430 1304 1498 1383 τρέ-

214 1412 312 1461 πεται,
336 1389 396 1451 οὐκ
421 1388 547 1470 ἀπᾷδον
570 1390 615 1451 όν.
663 1392 809 1450 Conferas
832 1393 923 1451 velim
948 1411 993 1461 ea,
1025 1411 1103 1468 quae
1128 1394 1245 1468 scripta
1268 1396 1393 1452 exstant
1417 1395 1498 1469 apud

215 1481 398 1539 Ahrensium
422 1481 486 1554 pc
511 1497 558 1538 no.
575 1481 686 1538 VIIB.:
722 1478 840 1560 λέγεται
875 1478 910 1541 δὲ
943 1479 1103 1561 βουκόλος
1136 1479 1224 1560 παρὰ
1258 1479 1293 1542 τὸ
1327 1479 1384 1549 τὰς
1417 1481 1500 1562 βόας

215 1567 354 1630 ἐλαύνειν
370 1569 389 1648 ἢ
405 1566 492 1645 παρὰ
514 1566 551 1629 τδ
573 1567 628 1636 τὰς
650 1567 731 1649 βόας
753 1567 897 1630 κολούειν
919 1568 1154 1649 ἀτιμαγελώσας
1170 1571 1190 1650 ἢ
1206 1574 1270 1631 τῶν
1285 1570 1375 1650 βοῶν
1391 1575 1500 1652 κορεῖν

215 1655 269 1718 καὶ
293 1655 505 1736 ἐπιμελεῖσθαι
527 1663 629 1739 τροπῇ
645 1663 701 1719 τοῦ
718 1656 917 1738 ἀμεταβόλου
934 1659 978 1726 εἱς
994 1658 1200 1738 ἀμετάβολον.
1235 1660 1371 1719 Breviter
1395 1665 1499 1719 autem

216 1750 290 1805 sunt
313 1766 351 1805 ea
373 1748 464 1815 dicta,
490 1765 569 1822 quae
590 1749 762 1805 invenimus
787 1750 869 1823 apud
886 1749 1051 1821 Zieglerum
1076 1767 1104 1824 p.
1122 1751 1155 1807 2:
1178 1749 1296 1828 εἴρηται
1320 1747 1355 1809 δὲ
1376 1748 1499 1829 βουκό-

215 1833 270 1903 λος
292 1833 379 1915 πορά
402 1833 438 1896 τό
460 1834 516 1903 τὰς
538 1834 619 1916 βόας
642 1834 780 1897 ἐλαύνειν
803 1837 822 1916 ἢ
847 1834 911 1897 ἀπὸ
938 1841 994 1897 τοῦ
1016 1835 1072 1904 τὰς
1094 1836 1175 1918 βόας
1190 1835 1334 1898 κολούειν
1350 1837 1498 1918 ἀτιμαγε-

215 1922 328 1992 λώσας.
376 1926 434 1984 Sed
459 1944 643 2001 quamquam
668 1943 713 1995 ea,
747 1944 826 2001 quae
855 1928 970 2002 scripta
1001 1930 1125 1985 exstant
1156 1927 1238 2002 apud
1261 1928 1445 1986 Ahrensium
1469 1932 1498 1986 et

216 2015 390 2088 Zieglerum‚
423 2033 485 2072 non
507 2015 597 2089 plane
621 2019 792 2089 congruunt
822 2034 890 2073 cum
921 2017 1061 2074 anecdoti
1085 2018 1195 2086 verbis,
1229 2019 1332 2074 tamen
1367 2035 1405 2075 ex
1436 2033 1497 2076 uno

216 2104 382 2180 eodemque
405 2105 490 2162 fonte
514 2104 589 2162 haec
621 2106 723 2163 omnia
754 2123 916 2162 emanasse
940 2106 1139 2163 statuendum
1171 2123 1239 2164 esse
1270 2123 1391 2164 censae.
1440 2106 1497 2164 Sed

216 2194 384 2256 videamus.
417 2212 489 2250 num
520 2195 601 2267 apud
633 2194 713 2252 alios
738 2212 860 2269 quoque
892 2197 1034 2252 auctores
1066 2212 1101 2252 eo
1134 2195 1210 2262 loco,
1244 2195 1298 2253 ubi
1329 2195 1433 2268 agitur
1463 2195 1497 2252 de

215 2300 290 2340 voce
324 2279 496 2361 βουκόλος,
531 2283 680 2358 Didymus
715 2285 972 2341 commemoretur.
1021 2284 1126 2340 Aifero
1157 2284 1254 2358 Etym.
1286 2284 1372 2352 Gud„
1411 2284 1497 2342 cuius

217 2375 373 2430 auctorem
396 2390 434 2429 ex
451 2372 569 2429 Orionis
594 2372 690 2430 lexico
715 2372 858 2430 hausisse
882 2390 977 2447 supra
997 2372 1283 2438 demonstravimus.
1310 2391 1337 2448 p.
1359 2374 1430 2442 112,
1443 2373 1496 2431 38:

216 2458 357 2539 Δίδυμος
380 2457 525 2539 δὲπαρά
555 2457 590 2520 τδ
614 2464 725 2540 κομεῖν
750 2458 903 2540 εἱρῆοδαι,
927 2459 965 2521 ἵν’
989 2457 1011 2541 ᾗ
1035 2459 1200 2540 βουκάμος
1231 2459 1278 2528 ῶς
1308 2459 1496 2541 ἱπποκόμος.

215 2551 314 2608 Voces
338 2553 441 2608 autem
464 2550 534 2607 illas
557 2553 669 2628 κομεῖν
693 2553 722 2608 et
745 2554 851 2629 κορεῖν
874 2551 952 2608 idem
975 2551 1078 2608 valere
1110 2554 1203 2625 atque
1226 2548 1439 2628 ἐπιμελεῖσθαι
1461 2567 1497 2609 ex

216 2640 299 2696 hisce
331 2639 477 2714 exemplis
508 2639 642 2713 intellegi
672 2643 788 2714 potest:
820 2640 915 2715 Etym.
944 2639 982 2697 M.
1007 2657 1030 2697 s.
1054 2657 1082 2697 v.
1111 2637 1354 2718 ἱπποκόμος
1377 2639 1495 2706 475,2;

211 2723 285 2788 Ὅτε
308 2725 342 2788 δὲ
365 2726 574 2807 παροξύνεται
596 2725 632 2787 τό
656 2725 847 2802 ἱπποκόμος,
877 2726 946 2788 τότε
968 2724 1003 2787 τδ
1035 2732 1145 2806 κομεῖν
1176 2727 1307 2807 ἔγκειται
1330 2725 1384 2788 καὶ
1409 2725 1500 2807 δηλοῖ

215 2813 279 2876 τὸν
310 2815 614 2896 ἐπιμελούμενον
644 2819 718 2877 τῶν
750 2815 889 2886 ἵππων,
921 2815 957 2877 ἐκ
980 2820 1036 2876 τοῦ
1061 2816 1155 2884 ἱππος
1177 2815 1231 2877 καλ
1254 2819 1309 2877 τοῦ
1333 2820 1440 2896 κομῶ,
1462 2813 1495 2876 τδ

215 2902 423 2984 ύεροπεύωὸ)
447 2910 478 2965 et
501 2924 524 2967 e.
541 2925 569 2964 v.
593 2903 782 2982 Διόςκουροι
805 2906 945 2974 278,23;
980 2901 1020 2966 Οἱ
1048 2909 1105 2966 τοῦ
1129 2903 1204 2972 Διὸς
1234 2903 1495 2985 ἐπιμελούμενοι·

215 2991 255 3054 τὸ
272 2992 342 3074 γὰρ
359 2992 621 3074 ἐπιμελεῖσθαι
644 2998 773 3073 κορεῖν
788 2992 976 3074 λέγουσιν,
1001 2996 1071 3053 ibid.
1089 3015 1113 3056 s.
1130 3014 1157 3055 v.
1174 2992 1338 3073 νεωκόρος
1354 2995 1430 3063 600,
1442 2995 1494 3063 53;

216 3081 302 3160 παρὰ
326 3079 361 3143 τό
384 3086 485 3162 κορῶ,
508 3081 543 3144 τό
559 3082 710 3163 καύαὶρω
725 3081 779 3144 καὶ
795 3082 970 3164 ἐπιμελείας
985 3082 1075 3154 ἀξιῶ,
1099 3082 1153 3144 καὶ
1175 3081 1210 3144 τδ
1227 3080 1308 3154 νεὼς
1326 3080 1494 3150 Ἀττικῶς·

213 3168 253 3233 Ὁ
274 3176 330 3233 τοῦ
353 3171 417 3233 νεὼ
441 3168 723 3254 έπιμελούμενοςέ)

324 3263 439 3333 Quibus
464 3263 613 3337 expositis
637 3280 782 3337 apparere
806 3280 914 3321 censeo
939 3265 1036 3320 totam
1059 3263 1138 3320 hanc
1165 3261 1305 3320 anecdoti
1329 3262 1496 3319 doctrinam

217 3351 253 3408 de
276 3369 352 3408 voce
375 3347 533 3430 βουκόλος
556 3350 706 3426 prolatam
730 3370 767 3409 ex
791 3352 898 3408 Orione
921 3352 1060 3410 fluxisse.
1106 3352 1251 3410 Fortasse
1273 3351 1382 3408 Proolo
1406 3352 1495 3409 inter·

217 3440 340 3497 cedente
364 3441 440 3497 haec
464 3441 566 3498 omnia
589 3441 765 3498 auctoribus
790 3441 968 3515 Byzantinis
993 3443 1065 3498 sunt
1087 3442 1210 3500 tradita.

325 3529 383 3586 Sed
407 3529 565 3586 veniamus
590 3530 629 3586 ad
653 3547 722 3586 eum
746 3530 886 3587 anecdoti
909 3530 1017 3596 locum,
1051 3531 1103 3587 ubi
1134 3530 1171 3586 de
1195 3528 1313 3587 dicendi
1336 3529 1495 3602 generibus

217 3619 318 3692 agitur
349 3617 407 3695 (III,
424 3616 462 3694 6).
508 3618 540 3675 In
576 3619 674 3693 priore
710 3618 788 3676 enim
821 3619 913 3676 huius
948 3619 1131 3693 paragraphi
1166 3617 1317 3693 particula
1353 3620 1418 3675 tres
1453 3616 1495 3673 illi

217 3711 414 3786 χαρακτῆρες
435 3705 596 3786 ποιήσεως
617 3710 797 3775 tractantur,
832 3708 867 3764 de
897 3709 1008 3782 quibus
1032 3708 1188 3782 copiosius
1212 3707 1440 3781 disputavimus
1467 3705 1496 3762 in

325 3952 344 4017 ²)
364 3951 401 4006 cf.
421 3951 546 4005 Zonarae
565 3951 674 4005 lexicon
695 3950 771 4004 1412.

324 4023 343 4091 ἱ)
364 4022 399 4076 cf.
420 4023 507 4076 Maur.
528 4021 715 4076 Schmidtium
739 4021 768 4074 in
786 4021 899 4092 Didymi
918 4020 1096 4076 chalcenteri
1115 4020 1282 4089 fragmentis
1301 4036 1327 4090 p.
1340 4019 1394 4073 402
1414 4035 1459 4073 no.
1472 4019 1496 4072 5.

325 4093 345 4162 ὅ]
364 4094 398 4150 of.
417 4093 592 4162 Hesychium
611 4110 632 4148 s.
653 4110 678 4149 v.
698 4095 801 4159 κομέειν
814 4109 820 4122 ·
834 4093 924 4159 κομεῖν
937 4131 943 4145 .
957 4089 1150 4159 ἐπιμελεῖσθαι,
1175 4089 1342 4159 θεραπεύειν,
1368 4088 1435 4142 ὅθεν
1452 4091 1495 4140 καλ

217 4164 286 4233 κόμη
303 4169 348 4217 καὶ
367 4160 522 4231 ἱπποκόμος.
560 4165 661 4218 Suidas
689 4165 740 4218 sub
768 4164 867 4218 eadem
893 4180 963 4217 voce
991 4164 1061 4217 haec
1084 4165 1212 4233 praebet:
1239 4157 1387 4228 ἱπποκόμος
1411 4161 1495 4213 ὅταν

216 4235 307 4289 ἱάπων
325 4234 532 4304 ἐπιμελούμενος.
563 4237 722 4346 'Praegerea
742 4235 777 4289 cl.
796 4235 888 4304 Dtym.
902 4235 937 4289 hl.
957 4251 978 4288 s.
993 4252 1018 4288 v.
1038 4232 1173 4306 εὶροκόμοι
1185 4233 1299 4299 303,54,
1324 4250 1346 4288 ε.
1366 4249 1392 4286 v.
1412 4229 1495 4285 ἐλαιο-

217 4328 308 4375 ww
324 4308 532 4447 ffilgghisdavm
541 4325 613 4432 κδμύ.
627 4307 832 4446 διδδλχλῖλέχεται
844 4373 872 4428 δὲ
884 4375 949 4446 κόρη
966 4381 1012 4428 καὶ
1023 4375 1100 4444 κόρος
1112 4376 1126 4428 ὁ
1139 4374 1275 4438 νεώτατος,
1295 4373 1348 4427 ἀπὸ
1367 4381 1415 4426 τοῦ
1427 4377 1493 4445 κορῶ

217 4449 249 4503 τό
267 4448 442 4519 ἒττιμελοῦμαι
454 4467 461 4480 ·
473 4447 570 4516 πολλῆς
586 4447 636 4520 γὰρ
655 4446 803 4515 ἐπιμελείας
827 4444 931 4500 δέονται
949 4443 977 4500 οἱ
991 4445 1113 4515 νεώτεροι
1126 4487 1133 4500 .
1145 4451 1191 4499 καὶ
1214 4445 1258 4499 ἐπὶ
1280 4452 1328 4498 τού
1352 4443 1494 4514 ὀφθαλμοῦ

218 4521 314 4590 δμοίως
328 4521 472 4590 ,νεωκόρος
491 4517 519 4573 δὲ
537 4520 581 4587 ούχ
599 4521 613 4572 ό
634 4525 722 4591 οαρῶν
739 4518 787 4572 τόν
804 4517 878 4583 νεών,
897 4515 954 4571 ἀλλ’
973 4519 988 4570 ό
1007 4516 1207 4587 ἐπιμελούμενοι
1225 4517 1313 4571 αύτού.
