3190 4944
635 249 850 306 „59-

13 495 14 500 .
106 424 155 488 ε’πί
183 424 239 488 τδν
270 424 428 505 Κρατῖνον
456 425 627 506 μετήνεγκε
657 425 800 505 τοῦνομα
827 424 1091 505 Ἆριστσφάνηςέ)
1140 423 1284 492 ...τοὺς
1315 423 1386 503 περὶ

105 515 309 595 Ἀρίσταρχον
333 515 502 595 οἰομένους
526 513 572 576 ὅτι
594 519 711 594 ταῦρος
734 512 773 594 ἦν
796 513 902 583 αὐτοῖς
926 513 1078 584 ἔπαθλον,
1101 513 1242 593 ψευδῶς.
1290 515 1386 573 Simili

105 610 205 664 autem
230 608 348 664 ratione
371 607 525 664 iudicatur
548 607 578 664 in
603 606 719 664 scholio
745 606 784 662 ad
800 605 1014 680 Aristophanis
1039 622 1131 662 ranas
1154 623 1182 662 v.
1201 605 1273 663 357.

13 751 14 768 .
210 696 253 752 De
284 695 509 769 iambographis
545 687 576 752 in
611 695 760 752 anecdoto
792 694 854 752 Est.
886 695 974 768 plura
1005 694 1200 752 inveniuntur
1232 711 1323 768 quam
1354 694 1385 750 in

13 775 14 784 ’
105 785 232 843 Tzetzae
264 785 303 840 ad
333 785 561 859 Lycophronem
592 784 823 859 prolegomenis.
876 783 1039 842 Derivatur
1074 786 1176 846 autern
1207 780 1323 861 ἴαμβος
1353 783 1385 839 in

105 874 253 932 anecdoto
277 873 335 931 hac
350 873 484 931 ratione:
509 870 728 952 ἰαμβογράφοι
748 869 783 932 δὲ
800 869 941 950 ἐλέγοντο
959 919 965 930 .
983 918 1013 930 ..
1038 867 1102 932 ἁπδ
1124 874 1180 931 τοῦ
1204 869 1254 930 ἰοῦ
1268 874 1325 931 τοῦ
1349 869 1384 930 ἐκ

102 966 157 1022 τοῦ
182 959 337 1040 πόματος
353 960 460 1021 αὐτῶν
483 959 729 1040 ἐκπεμπομένου
755 958 805 1020 διὰ
829 965 884 1040 τῆς
907 959 1043 1040 ὕβρεως.
1082 961 1267 1031 Quibuscum
1284 961 1384 1018 verbis

104 1052 243 1109 conferas
259 1051 349 1109 velim
366 1069 411 1119 ea,
438 1068 517 1125 quae
541 1052 655 1124 scripta
677 1051 804 1124 legimus
828 1051 859 1108 in
883 1051 978 1125 Etyrn.
996 1051 1033 1108 M.
1051 1069 1074 1107 s.
1091 1069 1118 1110 v.
1135 1045 1245 1128 Ἰάμβη
1264 1068 1291 1124 p.
1308 1050 1383 1116 463,

105 1141 161 1198 26;
194 1137 248 1199 καί
271 1138 416 1219 ἰαμβεῖον
440 1139 558 1219 εἴρηται
581 1135 645 1200 ἀπὸ
668 1142 725 1199 τοῦ
749 1137 912 1218 ἰαμβίζειν,
935 1137 971 1199 τὸ
995 1137 1141 1218 ὑβρίζειν,
1170 1135 1233 1198 άπδ
1255 1141 1313 1197 τοῦ
1337 1135 1385 1198 ἰδν

103 1227 220 1308 βάζειν,
244 1226 326 1307 ἢὼς
342 1225 418 1308 βέλη
443 1225 567 1307 βάλλειν
587 1225 626 1287 τὰ
641 1225 803 1306 λεγόμενα.
844 1228 961 1286 Similia
984 1228 1180 1287 inveniuntur
1202 1228 1233 1284 in
1249 1228 1385 1284 Zonarae

104 1319 261 1392 personati
285 1318 381 1376 lexico
407 1337 430 1376 s.
446 1337 474 1376 v.
499 1316 653 1396 ἰαμβίζειν
681 1317 773 1375 1082.
799 1318 843 1376 ed.
861 1317 1026 1374 Tittmaun.
1066 1316 1187 1374 lambos
1211 1317 1242 1372 in
1269 1316 1385 1391 Hippo-

103 1410 223 1465 nactem
246 1407 434 1483 compositos
456 1407 580 1464 Tzetzes
604 1409 729 1482 praebet
752 1407 783 1464 in
806 1407 915 1464 iambis
939 1403 1010 1484 περὶ
1027 1403 1185 1484 διαφορᾶς
1200 1407 1341 1484 ποιητῶν
1356 1424 1384 1463 v.

107 1497 164 1554 161
193 1514 268 1571 sqq.‚
302 1497 334 1554 in
366 1495 545 1570 anthologia
568 1500 670 1554 autem
693 1496 836 1553 Palatina
851 1495 983 1553 711536
1007 1496 1178 1554 invenimus
1202 1495 1387 1569 epigramma

103 1586 133 1642 in
156 1585 387 1661 Hipponactem,
422 1586 509 1643 cuius
541 1586 635 1643 verba
666 1589 758 1660 atque
790 1586 958 1642 sententiae
989 1585 1164 1661 plerumque
1191 1583 1387 1642 consentiunt

104 1692 170 1732 oum
195 1674 325 1732 Tnetnae
349 1675 467 1732 iambis
515 1675 597 1744 Quae
629 1693 697 1732 cum
728 1675 773 1731 ita
796 1675 866 1742 sint,
897 1691 1043 1749 apparere
1075 1691 1182 1732 censeo
1206 1675 1383 1741 intersum,

104 1766 154 1838 qui
183 1763 354 1821 anecdoton
385 1764 447 1820 Est.
481 1763 640 1830 conflavit,
678 1766 708 1820 et
738 1764 880 1820 Tzetzam
911 1765 1023 1821 certam
1054 1762 1207 1838 quandam
1237 1763 1384 1820 rationem

103 1853 294 1910 intercedere.

209 1942 274 1999 Iam
298 1942 337 1998 ad
361 1941 488 2014 elegiam
504 1941 672 2000 veniamus.
711 1941 754 1997 De
772 1959 834 2017 qua
858 1958 1042 2015 quamquam
1059 1958 1159 2014 pauca
1182 1941 1384 2007 inveniuntur,

103 2033 205 2088 tamen
229 2030 431 2088 demonstrari
454 2047 547 2104 posse
571 2030 672 2087 iudico
697 2032 791 2087 verba
814 2030 954 2087 anecdoti
972 2031 1033 2088 Est.
1055 2030 1215 2086 cohaerere
1239 2047 1306 2086 cum
1331 2031 1383 2097 eis,

105 2137 183 2194 quac
214 2119 329 2177 tradita
360 2122 433 2177 sunt
464 2119 496 2176 in
527 2118 653 2177 scholiis
685 2118 724 2176 ad
747 2119 927 2193 Dionysium
956 2119 1108 2185 Thracem,
1143 2119 1223 2193 apud
1247 2119 1386 2176 Proclum

103 2208 305 2284 reliquosque.
351 2208 452 2266 Verba
483 2208 561 2265 enim
592 2209 667 2266 baec
702 2208 859 2266 anecdoti:
898 2204 944 2266 ὅτι
982 2201 1217 2286 έλεγειογράφοι
1254 2204 1328 2268 εἰσὶν
1357 2205 1388 2268 οἰ

104 2294 185 2374 πρὸς
212 2293 287 2364 τοὺς
309 2294 504 2376 τεθνηκότας
537 2295 663 2363 οἴκτους
690 2294 866 2375 γράφοντες
899 2294 952 2356 καὶ
980 2293 1168 2374 ὀλοφύρσεις
1205 2297 1387 2354 conferenda

104 2390 175 2444 sunt
198 2404 266 2443 oum
291 2387 344 2454 eis,
371 2404 449 2462 quae
474 2387 589 2461 scripta
612 2389 736 2444 exstant
758 2387 788 2442 in
813 2386 938 2444 scholiis
962 2387 1000 2444 ad
1024 2386 1149 2460 Dionys.
1174 2386 1240 2442 Thr.
1265 2404 1292 2461 p.
1313 2385 1384 2454 174,

105 2475 132 2532 5.
156 2475 207 2532 Η.;
239 2470 340 2542 Εἰδος
370 2472 430 2553 μὲν
459 2473 619 2554 ποιήσεως
650 2471 668 2534 ό
697 2470 829 2542 οἰκτος
867 2472 927 2535 οὐκ
959 2473 1048 2544 ἔστιν,
1087 2471 1259 2553 εὑρίσκεται
1291 2471 1325 2534 δὲ
1352 2472 1386 2534 έν

103 2561 195 2623 παντὶ
211 2561 283 2623 εἴδει
298 2563 468 2642 ποιήσεως,
491 2561 578 2642 παρὰ
599 2562 748 2642 λυρικοῖς,
771 2563 847 2641 παρ’
873 2561 1239 2642 έλεγειογράφοις,
1263 2561 1386 2641 ὁμοίως

104 2650 157 2712 καὶ
187 2648 275 2731 παρὰ
302 2657 366 2720 τοῖς
393 2650 431 2712 τὰ
460 2652 519 2732 ἔπη
549 2651 726 2732 γράφουσιν
756 2657 787 2712 et
809 2673 837 2729 p.
855 2654 928 2720 477,
948 2656 993 2713 4.;
1027 2649 1146 2712 Ταίιτόν
1175 2651 1254 2712 ε’στιν
1282 2648 1387 2719 οἰκτος

104 2739 157 2801 καὶ
188 2739 331 2819 ε’λεγεῐον.
387 2743 506 2816 Didymi
543 2746 645 2800 autem
681 2744 836 2800 sententia
869 2744 900 2800 in
935 2742 979 2800 Et
1002 2742 1040 2799 M.
1066 2742 1186 2809 327,1.
1218 2742 1385 2798 invenitur:

103 2827 246 2909 Δίδυμος
269 2827 303 2890 δὲ
320 2829 366 2892 ὅτι
390 2827 440 2890 διά
463 2834 556 2890 τοῦτο
578 2834 625 2910 τῷ
648 2829 751 2912 ἡρῴῳ
772 2829 892 2911 ἐπῇδον
908 2829 955 2897 ῶς
978 2828 1190 2909 πεντάμετρον
1214 2827 1268 2890 καὶ
1282 2827 1385 2890 λειπό-

103 2940 201 2997 μενον
224 2923 279 2979 τοῦ
303 2916 426 2998 ἡρῴου,
449 2917 642 2999 μιμούμενοι
664 2918 721 3000 τὴν
740 2923 804 2981 τῶν
828 2917 1103 2999 ἀποθνησκόντων
1120 2917 1311 2981 ἀπόπαυοιν·
1335 2917 1387 2980 ἐπὶ

105 3005 165 3086 γάρ
187 3005 299 3087 μόνοις
322 3011 448 3086 νεκροῖς
471 3006 566 3069 πάλαι
588 3006 682 3089 ᾔδετο
706 3006 788 3087 πρὸς
808 3008 990 3088 παραίνεσιν
1014 3006 1068 3068 καί
1090 3005 1299 3087 παραμυθίαν
1321 3010 1387 3067 τῶν

106 3099 267 3176 συγγενῶν
298 3095 352 3157 καὶ
380 3095 483 3176 φίλων
505 3101 562 3158 τοῦ
592 3095 776 3165 τεθνεῶτος.
824 3100 939 3170 Quibus
964 3099 1064 3156 verbis
1089 3099 1163 3155 haec
1186 3099 1386 3173 praecedunt:

98 3182 147 3245 Ἢ
156 3183 245 3265 παρὰ
267 3183 303 3246 τδ
324 3183 486 3264 ἒέλέγειν
508 3183 582 3253 τοὺς
604 3184 781 3253 τεθνεῶτας
794 3188 832 3265 ’ἢ
853 3184 940 3265 παρὰ
957 3184 1011 3247 τδν
1035 3185 1151 3265 ἔλεγον,
1175 3183 1230 3246 τδν
1254 3184 1385 3266 θρῆνον.

104 3275 266 3334 Praeterea
293 3276 414 3351 Didymi
446 3277 626 3334 sententiam
657 3277 805 3334 habemus
837 3276 917 3351 apud
942 3277 1087 3343 Orionem,
1120 3276 1220 3334 Procli
1243 3294 1386 3352 praecep·

105 3367 200 3423 torem
224 3383 252 3439 p.
269 3365 320 3434 58,
340 3368 358 3424 7
377 3383 458 3441 sqq.:
483 3361 621 3442 Ἔλεγος,
654 3361 825 3444 όθρῆνος.
850 3363 959 3426 διὰτὸ
988 3363 1027 3425 δι’
1052 3363 1149 3425 αὐτοῦ
1176 3368 1232 3425 τοῦ
1260 3362 1386 3444 θρήνου

104 3448 139 3512 εὗ
155 3451 254 3531 λέγειν
268 3450 342 3520 τοὺς
357 3452 612 3533 κατοιχομένους.
637 3451 766 3533 εὑρετὴν
790 3451 825 3514 δὲ
839 3458 895 3515 τοῦ
913 3452 1059 3534 ἐλεγείου,
1083 3453 1114 3514 οἰ
1127 3451 1187 3533 μὲν
1209 3451 1264 3513 τὸν
1281 3451 1385 3533 Ἀρχέ-

104 3539 211 3620 λοχον,
235 3541 267 3602 οἰ
286 3540 320 3603 δὲ
335 3539 538 3622 Μίμνερμον,
563 3541 594 3602 οἰ
617 3539 652 3602 δὲ
668 3539 827 3603 Καλλῖνον
850 3540 1057 3620 παλαιότερον
1074 3541 1151 3604 ὅθεν
1175 3541 1387 3622 πεντάμετρον

103 3636 150 3708 τῷ
180 3629 316 3710 ἡρῶϊκῶ
346 3635 526 3710 συνῆπτον·
544 3630 604 3711 οὐχ
636 3629 885 3710 όμοδραμοῦντα
907 3637 946 3712 τῇ
968 3635 1024 3693 τοῦ
1047 3631 1205 3710 προτέρου
1230 3629 1386 3710 δυνάμει·

106 3717 173 3779 ἀλλ’
207 3717 276 3780 οἷον
311 3719 552 3791 συνεκπνέοντα,
584 3718 638 3780 καί
672 3719 926 3800 συσβεννόμενον
959 3725 1026 3788 ταῖς
1059 3724 1115 3781 τοῦ
1150 3719 1387 3800 τελευτήσαντος

104 3807 220 3887 τύχαις.
249 3808 279 3869 οἰ
302 3807 337 3869 δέ
360 3807 491 3888 ὕστερον
514 3805 596 3888 πρὸς
620 3807 760 3876 ἅπαντας
784 3807 959 3888 διαφόρως.
991 3807 1099 3870 οὕτω
1128 3806 1314 3889 Δίδυμος
1347 3808 1387 3870 ἐν

104 3902 157 3977 τῷ
179 3895 274 3976 περί
297 3900 492 3978 ποιητῶν.
531 3899 696 3957 Afferenda
719 3902 792 3958 sunt
807 3900 864 3957 hoc
888 3900 957 3958 loeo
974 3917 1019 3967 ea,
1046 3917 1124 3975 quae
1148 3899 1231 3974 apud
1247 3899 1386 3958 Proclum

104 3987 135 4044 in
167 3988 406 4046 chrestomathia
436 3988 631 4046 inveniuntur
665 4007 693 4064 p.
719 3989 814 4046 3191>
839 3988 859 4046 8
883 3989 933 4047 B.:
966 3985 1002 4048 τδ
1034 3985 1095 4067 γάρ
1125 3985 1249 4068 θρῆνος
1279 3986 1386 4066 ἔλεγον

105 4073 241 4136 έκάλουν
264 4074 295 4136 οἰ
316 4073 452 4146 παλαιοί,
475 4073 617 4144 καὶτοὺς
639 4074 892 4156 τετελευτηκότας
908 4075 948 4138 δι’
962 4075 1058 4138 αὐτοῦ
1075 4074 1235 4155 εὐλόγοον.
1271 4076 1388 4135 Similia

106 4169 209 4224 autem
233 4167 314 4240 apud
339 4166 464 4224 Suidam
489 4183 609 4241 quoque
633 4158 663 4224 s.
681 4185 710 4226 v,
734 4164 839 4245 έλεγος
862 4167 1017 4240 leguntur:
1041 4163 1154 4244 έλεγος
1167 4163 1298 4245 θρῆνος,
1323 4163 1386 4226 ᾶπδ

103 4257 159 4314 τοῦ
192 4251 369 4334 έὲλίγειν
398 4255 418 4334 ἢ
452 4253 483 4314 οἰ
512 4250 594 4332 πρὸς
625 4251 724 4316 αὐλδν
756 4253 908 4335 ᾀδόμενοι
940 4253 1057 4334 θρῆνοι
1080 4269 1086 4281 ·
1109 4251 1165 4314 τδν
1196 4250 1257 4332 γάρ
1288 4252 1386 4315 αὐλὸν

213 4391 230 4456 ¹l
251 4391 287 4446 cl.
307 4391 434 4446 Crusium
458 4392 476 4446 l.
489 4409 511 4447 s.
525 4408 547 4448 s.
569 4390 645 4446 1206.
684 4392 789 4447 Eadem
812 4392 874 4447 iere
895 4394 982 4446 verba
1005 4393 1123 4462 praebet
1146 4391 1239 4461 Etym.
1264 4392 1300 4446 M.
1319 4408 1340 4446 s.
1359 4410 1386 4448 v.

104 4459 272 4588 ταιηροὲγιηὶγμ
289 4467 319 4518 ct
336 4463 432 4591 Ρυὲιᾶηἰ
451 4464 560 4519 lexicon
583 4465 635 4519 sub
655 4464 753 4519 eadem
774 4480 856 4530 voce;
882 4462 918 4518 cf.
938 4463 1190 4520 Reitzensteinium
1211 4463 1386 4533 „Epigramm

104 4550 142 4588 un
221 4539 312 4588 oron“
334 4551 361 4606 p.
430 4577 437 4590 .
