3190 4944
726 248 947 306 ..56-

197 425 200 434 ’
304 428 467 486 Ττασίείιιε
492 429 540 484 eet
562 427 660 485 omnis
684 427 804 484 divisus
828 427 859 484 in
882 429 985 502 partes
1008 430 1081 493 treS,
1113 443 1242 501 quarum
1274 443 1337 484 una
1369 429 1418 485 est
1440 427 1477 484 de

197 514 292 575 variis
314 519 472 591 poetarum
497 516 667 590 generibus,
697 515 795 573 altere·
817 516 854 574 de
877 516 978 590 poetis
1001 515 1135 590 tragicis.
1166 515 1298 583 comicie,
1324 516 1475 591 setyn'eiS,

195 605 289 665 tertia
312 605 348 663 de
372 605 556 663 carminibus
580 605 726 663 bucolicis
750 605 836 663 etde
859 604 1027 663 Theocrito.

638 829 845 899 Αιιεσᾱυίοιι
869 829 1028 906 Estense.

825 961 846 1018 I.

305 1068 331 1126 1.
355 1065 401 1128 ὅτι
425 1067 460 1128 σί
481 1068 562 1128 κατ’
588 1064 725 1147 ἐξοχὴν
748 1064 947 1145 λεγόμενοι
969 1063 1121 1146 ποιηταὶ
1142 1063 1276 1143 τέσσαρά
1303 1085 1368 1125 τινα
1394 1087 1475 1144 γνω-

195 1155 329 1236 ρίσματα
353 1155 484 1236 έχουσι·
504 1155 608 1236 στίχον
631 1153 783 1236 ἡρωικόν,
806 1154 916 1234 μῦθον
939 1152 1157 1235 ἀλληγορικόν,
1181 1153 1318 1232 ἱστορίαν
1341 1152 1477 1214 παλαιὰν

194 1243 249 1306 καὶ
278 1241 373 1306 ποιὰν
403 1243 485 1316 λέξιν
502 1292 509 1306 .
525 1243 668 1325 ἐγένοντο
692 1241 727 1305 δὲ
749 1243 839 1305 πέντε
863 1241 1054 1324 ὀνομαστοί·
1071 1239 1245 1327 Πανύασις,
1268 1239 1476 1324 Πείσανδρος,

190 1332 384 1414 ΙΑντίμαχσς,
402 1329 550 1414 Ὄμηρος
572 1330 626 1394 καί
644 1330 801 1400 Ἡσίοδος.

303 1423 332 1482 2.
356 1420 402 1483 ότι
416 1425 482 1484 τῶν
496 1421 665 1502 λυρικῶν
688 1421 889 1502 γνωρίσματα
905 1419 979 1483 τάδε
995 1439 1003 1454 ·
1017 1419 1170 1489 ποικίλοις
1188 1420 1328 1501 χρῆσθαι
1342 1420 1476 1501 μέτροις,

193 1509 276 1590 πρὸς
298 1510 398 1592 λύραν
422 1509 556 1592 ᾅδεσθαι
571 1510 608 1573 τὰ
623 1509 745 1573 τούτων
759 1510 848 1591 μέλη.
873 1506 921 1572 ῶν
944 1509 963 1571 6
985 1507 1084 1590 χορὸς
1107 1509 1237 1590 συνέστη
1260 1507 1320 1594 μὲν
1343 1509 1379 1571 ἐκ
1402 1531 1475 1571 πεν-

193 1601 328 1681 τήκοντα
360 1598 489 1679 ἀνδρῶν
518 1600 679 1668 κυκλικῶς
713 1599 867 1670 ἑστώτων,
902 1597 1047 1680 ᾀδόντων
1076 1596 1114 1659 τὰ
1144 1597 1266 1660 τούτων
1297 1598 1475 1680 ποιήματα.

192 1694 289 1751 ταῦτα
312 1687 348 1751 δὲ
370 1686 451 1770 ἦσαν
473 1689 595 1751 ἔπαινοι
616 1693 681 1752 τῶν
708 1688 904 1769 νικησάντων
926 1687 960 1749 ἐν
981 1692 1047 1756 ταῖς
1070 1687 1234 1768 ἐπισήμοις
1256 1687 1400 1766 ἑορταῖς.
1424 1687 1476 1749 καί

192 1779 275 1860 βοῦν
298 1777 333 1840 δέ
353 1776 532 1860 ἐλάμβανον
556 1775 680 1841 ἆθλον.
697 1777 775 1839 ὅθεν
796 1801 839 1846 τις
863 1775 1073 1839 ἐπισκώπτων
1091 1774 1238 1856 κωμικὸς
1252 1776 1476 1857 ταυροφάγους

194 1865 310 1935 αύτούς
331 1866 427 1929 καλεῖ.
451 1904 495 1912 -
519 1866 564 1928 ότι
588 1867 619 1930 οῖ
642 1865 956 1948 διθυραμβικοὶ
983 1865 1015 1928 σί
1036 1865 1127 1928 αὐτοί
1155 1865 1212 1927 εἱσι
1241 1870 1305 1934 τοῖς
1327 1865 1474 1945 λυρικσῖς,

193 1955 276 2036 πλὴν
299 1955 409 2036 ἐχουσί
428 1977 455 2018 τι
478 1955 531 2018 καί
554 1956 650 2018 πλέον
666 1975 672 1990 ·
688 1959 817 2036 πρῶτον
839 1955 908 2036 μέν,
939 1955 984 2018 ὅτι
1006 1953 1089 2034 πρὸς
1119 1958 1166 2035 τῷ
1192 1954 1302 2035 ταύρῳ
1332 1954 1386 2016 καί
1414 1954 1474 2034 τρί-

193 2045 280 2107 ποδα
311 2044 490 2126 ἐλάμβανον
522 2044 653 2126 δῶρον.
678 2045 781 2108 ἔπειτα
812 2043 866 2106 καί
892 2042 965 2127 16¹)
989 2043 1150 2126 ποιήματα
1182 2043 1288 2105 αῦτῶν
1318 2041 1400 2124 πρός
1422 2041 1475 2104 τὸν

194 2133 358 2212 Διόνυσον,
391 2134 456 2196 ἀλλ’
482 2134 520 2196 οῦ
535 2132 625 2214 Ιπρὸς
656 2132 730 2202 τοῦς
757 2133 791 2196 ἐν
813 2139 879 2202 ταῖς
909 2133 1031 2215 ἑορταῖς
1053 2137 1206 2202 νικῶντας
1228 2130 1345 2213 ᾔδετο.
1370 2133 1405 2194 οἳ
1423 2131 1475 2193 καὶ

194 2221 231 2284 ’τὰ
246 2223 407 2304 ποιήματα
424 2221 565 2305 αῦτῶνέ)
588 2223 822 2304 πολυστρόφως
845 2221 978 2284 ἐπλεκον
999 2221 1192 2302 μιμούμενοι
1214 2218 1287 2289 τοὺς
1302 2218 1475 2301 βακχικοὺς

193 2311 333 2391 τρόπους
356 2311 410 2374 καί
431 2311 487 2382 τὰς
508 2312 752 2394 πολυστρόφους
775 2309 907 2392 καμπὰς
930 2311 1054 2373 αὐτῶν.
1070 2309 1241 2373 ἐκαλοῦντο
1261 2308 1296 2372 δὲ
1316 2308 1473 2390 διθυραμ-

194 2399 323 2483 βοποιοὶ
346 2399 410 2463 ἀπὸ
433 2406 489 2463 τοῦ
509 2400 675 2474 Διονύσου,
699 2402 736 2470 ὃς
759 2399 810 2462 διὰ
835 2399 894 2462 δύο
913 2399 1028 2480 θυρῶν
1051 2399 1119 2481 ἔβη,
1142 2404 1197 2480 τῆς
1218 2421 1251 2461 τε
1267 2396 1401 2480 γαστρὸς
1423 2403 1475 2479 τῆς

194 2489 339 2571 Σεμέλης
365 2490 497 2552 καὶτοῦ
519 2496 628 2572 μηροῦ
650 2495 706 2552 τοῦ
731 2489 805 2558 Διός
825 2536 832 2551 .
851 2487 888 2550 τὰ
912 2489 971 2570 έπη
997 2487 1031 2550 δέ
1054 2487 1160 2550 αῦτῶν
1184 2487 1379 2568 διθύραμβοι
1403 2487 1473 2549 ἐκα-

193 2578 315 2651 λοῦντο,
332 2579 379 2648 ὡς
394 2579 413 2641 6
428 2576 569 2641 Πλάτων
584 2579 618 2641 ἐν
633 2584 679 2660 τῷ
699 2577 833 2659 Φαίδρῳ
849 2579 896 2657 (cf.
914 2580 975 2637 241
988 2578 1014 2654 e)
1022 2576 1046 2660 Β)
1062 2595 1069 2611 ·
1086 2576 1172 2660 ὁρᾷς,
1197 2576 1242 2639 ὅτι
1257 2577 1318 2658 έπη
1335 2575 1474 2657 φθέγγο-

193 2691 251 2749 μαι
267 2668 320 2730 καλ
340 2668 444 2731 οὐκέτι
461 2667 704 2750 διθυράμβους.
717 2666 840 2747 λυρικοὶ
853 2665 913 2747 μὲν
929 2663 987 2728 οῦν
1003 2666 1149 2747 ἐπίσημοι
1166 2665 1252 2742 δέκα,
1269 2665 1473 2747 Στησίχορος,

194 2756 359 2838 Πίνδαρος
381 2757 435 2819 καὶ
458 2757 489 2819 σί
506 2756 618 2829 λοιποί,
644 2754 915 2838 διθυραμβοποιοὶ
938 2754 973 2817 δέ
1000 2753 1168 2827 Φιλόξενος
1191 2755 1209 2816 6
1232 2753 1401 2836 Κυθήριος
1423 2753 1474 2816 καί

193 2845 309 2925 Ἀρίων
332 2845 351 2907 ό
373 2844 603 2927 Μηθυμναῖος.

303 2937 331 2994 3.
355 2933 401 2996 ότι
424 2935 437 2996 ι’
443 2957 463 2996 α
470 2933 736 3016 μβογράφων
767 2933 969 3014 γνωρίσματα
995 2931 1031 2996 τὸ
1055 2933 1208 3014 ίαμβείοις
1231 2932 1370 3014 χρῆσθαι
1394 2931 1475 3012 πρὸς

194 3025 286 3105 ῦβριν
316 3023 442 3103 ἑτέρων,
474 3025 536 3085 ἔστι
560 3023 589 3086 δ’
606 3023 658 3086 ὅτε
685 3022 739 3084 καὶ
761 3023 878 3102 ἑτέροις
904 3023 1029 3104 μέτροις
1045 3070 1051 3084 .
1069 3021 1135 3091 οίος
1159 3020 1198 3103 ι’γν
1216 3021 1401 3103 Ἀρχίλοχος
1423 3021 1475 3083 καί

188 3111 361 3185 Ἱππῶναξ,
393 3109 432 3175 οῦ
460 3112 572 3175 καὶτὸ
595 3113 713 3194 μέτρον
736 3112 769 3174 ἐν
791 3117 829 3192 τῇ
853 3112 926 3193 έκτη
949 3111 1043 3193 χώρᾳ
1071 3110 1243 3192 ἐπιδέχεται
1266 3110 1433 3173 σπονδεῖον
1455 3111 1473 3190 ἢ

193 3207 350 3283 τροχαῖον,
375 3200 502 3263 διὸκαὶ
524 3201 633 3283 χωλόν
655 3201 780 3281 λέγεται.
806 3237 845 3244 -
871 3201 1089 3282 ἰαμβογράφοι
1098 3198 1123 3284 ⁴)
1145 3199 1179 3262 δὲ
1202 3199 1343 3280 ἐλέγοντο
1367 3201 1387 3280 ἢ
1412 3197 1473 3260 ἀπὸ

195 3296 249 3352 τοῦ
273 3291 426 3372 ἰαμβείοις
453 3291 593 3372 χρῆσθαι
617 3293 636 3371 ἢ
661 3288 726 3351 ἀπὸ
737 3289 759 3368 ⁶)
782 3295 838 3352 τοῦ
864 3291 913 3351 ιὀῦ
943 3293 999 3351 τοῦ
1032 3289 1068 3350 ἐκ
1097 3294 1153 3351 τοῦ
1185 3287 1339 3370 στόματος
1370 3288 1474 3350 αὐτῶν

194 3380 439 3461 ἐκπεμπομένου
465 3379 515 3442 διὰ
538 3385 593 3461 τῆς
615 3379 742 3460 ῦβρεως
758 3397 765 3412 ·
781 3378 951 3458 πικρότατα
968 3377 1028 3459 γὰρ
1043 3378 1192 3460 ὕβριζον.
1214 3377 1341 3458 φέρεται
1365 3376 1400 3439 δέ
1423 3376 1474 3438 καί

195 3468 377 3550 ἐπίγραμμα
402 3469 446 3537 είς
467 3467 667 3530 Ἱππώνακτα
690 3467 813 3530 τοιόνδε
837 3470 883 3545 (cf.
900 3470 993 3527 Anth.
1009 3468 1239 3544 Pa1.v11‚536)

458 3555 506 3620 Ού
529 3557 655 3638 βότρυν,
680 3557 746 3619 ἀλλ’
769 3556 907 3638 ἅχερδον
930 3555 963 3618 ἐν
985 3556 1079 3637 τάφῳ
1102 3556 1191 3636 φέρει

454 3647 602 3728 στύφοντι
624 3647 826 3726 πικραίνοντα
849 3645 959 3726 πικρίᾳ
981 3645 1093 3726 λόγων.

454 3735 531 3797 ἀλλά
554 3758 598 3805 τις
616 3734 832 3804 Ἱππώνακτος
855 3733 961 3797 ἐλθὼν
984 3734 1027 3802 είς
1048 3734 1151 3814 τάφον

453 3822 508 3886 τόν
531 3824 632 3905 ἄνδρα
656 3825 810 3887 κνώσσειν
833 3824 984 3906 εῦμαρῶς
1006 3822 1102 3903 εῦχου
1126 3821 1223 3884 κάτω.

301 3915 331 3974 4.
356 3911 402 3976 ότι
426 3913 750 3995 ἐλεγειογράφοι
774 3912 848 3976 εἰσίν
872 3913 903 3975 οἱ
924 3910 1005 3991 πρὸς
1034 3908 1108 3980 τοῦς
1134 3908 1327 3991 τεθνηκότας
1351 3910 1473 3976 οἴκτους

195 4003 371 4084 γράφοντες
394 4002 447 4065 καὶ
472 4002 660 4084 ὀλοφύρσεις
683 4003 716 4065 ἐν
739 4002 864 4083 ἐλεγείῳ
885 4002 1003 4082 μέτρῳ,
1027 4003 1285 4081 καταχρηστικῶς
1309 3997 1343 4060 δὲ
1366 3997 1419 4060 καί
1442 3997 1473 4058 ἐν

195 4092 304 4173 ἄλλῳ.
322 4092 389 4162 οἷος
413 4090 452 4173 ι’γν
475 4091 679 4174 Καλλίμαχος
702 4091 756 4154 καὶ
783 4090 924 4172 Φιλητᾶς.

301 4247 354 4316 1γτ
338 4246 380 4319 τὰ]
354 4269 410 4301 ατ
423 4266 538 4304 corr.-
503 4248 624 4304 -inter
637 4246 723 4301 αὐτῶν
736 4252 765 4302 et
776 4245 843 4318 πρὸς
855 4249 928 4302 duee
938 4246 997 4301 fere
1006 4247 1118 4302 litterae
1129 4246 1238 4302 deletae
1251 4247 1318 4300 sunt
1327 4261 1346 4300 ε
1355 4243 1472 4300 librario.

299 4320 362 4496 {t
339 4318 524 4463 δύντιῶῦῦδουῆ
505 4385 526 4443 ὦ
538 4390 684 4477 μακάριεω
671 4389 713 4442 όιτ
703 4386 803 4456 ⁶66²
786 4359 1008 4473 επηφθέγγομαι,
991 4386 1140 4440 ιάλλίιιίι
1110 4389 1180 4440 ιιιέιτ
1170 4384 1358 4458 ιδνδνράμβον
1359 4387 1473 4444 εΡῙυῒο.

312 4447 482 4554 ιβαρβογρα
475 4462 591 4533 ’φοι-γ
611 4465 634 4531 (κ
635 4461 725 4529 dre)
717 4478 745 4515 ιιι
765 4462 889 4530 margine
897 4462 998 4547 prima
1016 4477 1109 4514 mauu.

300 4532 460 4604 ὖ)ιέπότσύ
477 4532 824 4603 τοῦίτσοιιΛιλτῦἐκο
794 4530 994 4600 τοόῦστματοε.
