3190 4944
634 219 765 274 -ee
811 211 861 260 -·

108 416 174 465 eos,
201 398 253 473 qui
277 398 337 455 arti
360 398 497 472 poeticae
522 414 643 471 operam
668 399 874 463 navaverunt,
901 396 1019 454 dicendi
1041 413 1153 470 genera
1176 396 1386 472 usurpavisse.

106 487 240 545 Alteram
264 487 429 544 doctrinam
456 504 493 544 ex
516 485 614 543 altera
636 486 765 561 pendere
789 503 856 542 mea
879 485 999 560 quidem
1023 486 1175 542 sententia
1191 485 1385 543 statuendum

107 579 177 634 est*
197 576 256 634 Sed
279 593 347 633 cum
371 575 545 651 plerumque
563 573 673 647 singuli
689 576 798 648 poetae
812 577 1023 642 tractarentur,
1049 591 1266 649 saepenumero
1283 575 1384 642 unius,

106 683 167 723 non
191 665 325 722 omnium
350 664 466 721 dicendi
490 681 631 738 generum
654 664 749 721 siebat
771 663 892 721 mentio.
1123 663 1125 666 ’

212 754 303 828 Apud
319 753 453 812 musicos
470 770 592 827 quoque
609 753 772 826 scriptores
790 752 900 810 similia
921 752 1048 809 inveniri
1065 752 1161 810 obiter
1177 769 1384 821 commemoro.

108 843 165 900 Sed
190 843 271 917 apud
297 859 350 899 eos
373 844 441 900 tota
464 859 512 900 res
536 843 581 900 ita
604 853 672 899 esse
697 843 874 915 comparata
901 841 1030 906 videtur,
1057 843 1092 898 ut
1114 842 1174 898 duo
1198 858 1309 914 genera
1332 843 1388 897 aut

106 932 249 990 notiones
274 935 475 1006 opponantur.
511 930 613 988 Veluti
637 931 719 1004 apud
736 930 943 988 Philodamum
968 930 1003 988 de
1019 930 1137 987 musica
1152 948 1180 1004 p.
1198 929 1249 995 64,
1267 930 1305 988 19
1320 947 1385 1005 sqq.

106 1021 227 1079 Kemk'e.
259 1021 404 1095 scriptum
435 1019 577 1094 legimus:
610 1017 640 1078 ol
670 1016 729 1097 μὲν
760 1017 866 1097 ὥςπερ
898 1017 929 1078 οἶ
958 1016 1059 1096 τούτῳ
1089 1015 1301 1097 παραπλήσιοι
1330 1015 1386 1096 τὴν

105 1106 165 1189 μὲν
183 1106 363 1188 ’φάσκοντες
390 1105 466 1169 εἶναι
490 1105 607 1187 σεμνὴν
630 1105 683 1167 καὶ
707 1106 850 1186 γενναίαν
872 1105 926 1167 καὶ
950 1105 1051 1186 ἁπλῆν
1074 1105 1127 1166 καὶ
1150 1105 1307 1186 καθαράν,
1330 1104 1386 1186 τὴν
1445 1123 1446 1128 ’

108 1195 313 1277 δ’·ἅνανδρον
328 1195 381 1257 καὶ
397 1195 552 1276 φορτικὴν
575 1195 628 1256 καὶ
651 1193 870 1275 ἀνελεύθερον,
895 1196 925 1256 οἱ
941 1193 976 1256 δὲ
999 1193 1054 1275 τῆν
1069 1193 1129 1274 μὲν
1151 1193 1311 1275 αὐστηρὰν
1334 1193 1387 1256 καλ

107 1284 302 1366 δεσποτικήν,
325 1283 382 1365 τῆν
406 1284 440 1346 δὲ
464 1285 585 1366 ἥμερον
608 1283 661 1346 καὶ
684 1283 823 1364 πιδανῆν
845 1284 1138 1364 προςονομάζσντες
1162 1287 1189 1342 et
1214 1304 1241 1361 p.
1261 1286 1311 1352 65,
1328 1286 1385 1343 30:

106 1373 139 1435 ἐν
163 1373 211 1442 αῖς
235 1374 296 1436 ἐστι
318 1372 556 1454 μεγαλοπρεπὲς
578 1372 632 1434 καὶ
653 1371 798 1435 ταπεινὸν
820 1371 874 1434 καλ
897 1372 1062 1453 ἀνδρῶδες
1084 1372 1137 1434 καὶ
1160 1371 1317 1451 ἄνανδρον
1333 1371 1386 1433 καὶ

106 1462 247 1544 κόσμιον
271 1461 326 1524 καὶ
356 1462 472 1542 δρασύ.
519 1464 578 1522 Sed
610 1465 648 1522 ad
672 1464 834 1522 Aristidem
864 1463 1081 1534 Quintilianum
1105 1467 1307 1531 transeamus,
1334 1463 1403 1538 qui¹

105 1551 178 1632 περὶ
207 1557 364 1633 μουσικῆς
386 1555 420 1622 Π,
450 1555 489 1612 10
523 1571 551 1628 p.
576 1554 626 1620 52,
643 1554 684 1611 24
709 1570 774 1628 sqq.
805 1553 893 1610 Jahn.
925 1553 1000 1611 haec
1023 1553 1162 1627 praebet:
1194 1548 1321 1612 Τούτων
1346 1549 1385 1630 δὴ
1465 1577 1467 1581 ’

104 1645 170 1702 τῶν
201 1641 405 1722 ἐννοημάτων
435 1640 643 1721 πλεκομένων
671 1639 815 1721 ἀλλήλους
838 1640 971 1720 γίνονται
995 1639 1083 1720 λόγοι
1105 1639 1159 1701 καὶ
1181 1639 1287 1719 λόγων
1310 1638 1385 1720 εἴδη,

107 1729 175 1791 οἷον
198 1729 234 1791 ἐκ
257 1728 410 1792 ποικίλων
438 1729 546 1810 χυλῶν
568 1752 599 1790 τε
622 1729 676 1791 καὶ
698 1734 813 1810 χυμῶν
837 1728 995 1809 φάρμακά
1017 1751 1049 1790 τε
1072 1727 1125 1791 καὶ
1148 1727 1314 1809 ἡδύσματα
1331 1727 1386 1789 ,τὰ

106 1817 166 1898 μὲν
189 1815 247 1880 οὖν
270 1818 303 1886 ἒς
325 1818 429 1879 ἄνεσιν
452 1819 568 1897 ἄγοντα
591 1818 645 1878 καὶ
667 1817 863 1898 φαιδρότητα
885 1816 941 1880 τὸν
964 1817 1067 1898 ἀφελῆ
1081 1840 1113 1878 τε
1128 1817 1182 1878 καὶ
1197 1816 1387 1899 ῆδὺνλόγσν

107 1907 274 1988 ἐγέννησε·
291 1905 328 1967 τὰ
360 1905 395 1968 δὲ
425 1905 461 1967 τὸ
492 1906 627 1969 σύννουν
649 1911 796 1968 κινοῦντα
819 1905 931 1968 καὶτὸ
955 1905 1128 1988 ὁρμητικὸν
1149 1905 1205 1968 τὸν
1228 1906 1387 1968 πολιτικόν

106 2018 138 2057 τε
167 1995 221 2058 καὶ
252 1993 459 2076 ἀγωνιστικὸν
489 1995 622 2076 ἐξέφηνε
652 2019 681 2056 κ,
704 2018 728 2055 τ.
752 1994 777 2056 λ.
825 1997 937 2055 Contra
969 1998 1161 2073 Doxopatres
1192 1997 1224 2054 in
1254 1998 1386 2056 homiliis

106 2085 150 2153 εἷς
170 2083 351 2166 Ἇφύόνιον
383 2087 456 2145 rhet.
486 2087 534 2143 Gr.
557 2086 591 2153 ll,
622 2086 751 2161 182,14
777 2104 841 2160 sqq.
866 2086 914 2145 W.
945 2086 1004 2143 tria
1043 2086 1133 2144 affert
1162 2103 1273 2159 genera
1311 2089 1385 2145 artis

106 2175 256 2236 musicae:
297 2171 340 2234 Τὸ
380 2171 414 2234 δὲ
445 2173 595 2235 σύντονον
626 2171 692 2234 ἀντὶ
722 2177 778 2234 τοῦ
810 2173 1030 2253 ἐπισπομένην
1053 2192 1059 2206 ·
1086 2178 1227 2234 τοιοῦτον
1259 2172 1320 2254 γὰρ
1351 2173 1386 2235 τὸ

106 2263 258 2325 σύντονον
288 2261 384 2342 μέλος
413 2267 469 2342 τῆς
498 2267 655 2342 μουσικῆς
671 2278 677 2290 ·
693 2261 784 2342 τρία
818 2261 854 2323 δέ
883 2283 961 2342 φασι
991 2260 1045 2324 καὶ
1074 2261 1187 2343 ταύτης
1217 2261 1254 2323 τὰ
1279 2262 1386 2344 εἴδη,

104 2350 140 2413 τὸ
153 2351 332 2422 Ὶσύντονον,
363 2349 399 2412 τὸ
431 2350 603 2433 ἀνειμένον,
634 2349 670 2411 τὸ
700 2350 811 2432 μέσον,
842 2350 948 2431 ὥςπερ
972 2350 1025 2412 καὶ
1047 2357 1102 2432 τῆς
1125 2350 1295 2432 ῥητορικῆς
1317 2353 1385 2431 τρία

105 2440 162 2503 εἰσὶ
184 2438 221 2502 τὰ
241 2440 317 2521 εἴδη,
340 2438 376 2502 τὸ
401 2437 571 2511 δικανικὸν,
595 2438 630 2500 τὸ
654 2437 922 2520 συμβουλευτικὸν
945 2439 998 2501 καὶ
1020 2438 1055 2500 τὸ
1078 2439 1303 2520 πανηγυρικόν.

214 2531 271 2588 Sed
296 2531 439 2606 quoniam
464 2551 483 2589 a
506 2532 665 2607 proposito
691 2531 908 2598 aberravimus,
934 2549 1015 2587 nunc
1038 2533 1224 2588 revertamur
1240 2532 1279 2588 ad
1295 2550 1385 2589 anec-

105 2621 201 2678 doton
231 2621 367 2679 Estense.
414 2621 490 2678 Nam
526 2618 545 2699 ξ
572 2621 589 2677 3
626 2620 733 2695 paucis
769 2619 805 2676 de
841 2619 992 2677 Theocriti
1015 2617 1093 2676 'vita
1127 2620 1268 2694 prolatiS,
1307 2639 1385 2695 quae

105 2709 268 2766 maximam
292 2713 408 2784 partem
433 2711 627 2767 consentiunt
651 2727 718 2766 cum
741 2709 841 2766 verbis
866 2709 946 2783 apud
970 2709 1151 2767 Ahrensium
1175 2709 1288 2784 publici
1311 2710 1385 2767 iuris

104 2798 207 2865 factis
241 2799 341 2872 agitur
372 2798 407 2854 de
440 2801 555 2871 septem
586 2799 695 2873 poetis,
730 2799 782 2872 qui
813 2797 1014 2855 Alexandriae
1045 2798 1203 2856 florebant.
1259 2799 1323 2868 Quo
1355 2799 1386 2855 in
1436 2829 1438 2833 ,

105 2905 230 2944 numero
255 2889 506 2944 commemoratur
529 2887 716 2954 Theocritus,
752 2889 877 2955 Aratus,
913 2886 1071 2954 Nicander,
1100 2885 1296 2963 Aiantides1)
1332 2891 1387 2945 aut

106 2975 286 3050 Apollonius
325 2975 472 3044 Rhodius,
514 2976 673 3043 Philiscus,
714 2975 872 3041 Homerus,
910 2976 1098 3051 Lycophron.
1154 2977 1255 3034 Eidem
1283 2980 1385 3035 autem

106 3067 215 3138 poetae
248 3067 461 3121 enumerantur
484 3065 522 3121 =in
553 3065 774 3138 prolegomenis
806 3065 844 3121 ad
869 3053 1060 3122 Theocritum
1080 3067 1147 3140 pt
1172 3065 1300 3131 Ahrens,
1333 3066 1385 3140 qui

105 3153 193 3210 locus
218 3171 255 3211 ex
279 3153 345 3211 solo
371 3151 473 3210 codice
497 3154 519 3211 T
543 3156 588 3210 est
614 3149 798 3228 sumansu
822 3158 852 3210 et
876 3173 895 3211 a
910 3154 1021 3211 Tzetza
1044 3155 1075 3212 in
1091 3155 1296 3229 Lycophronis
1320 3155 1386 3212 vita

105 3260 134 3317 p.
151 3242 214 3300 263
236 3242 274 3299 M.
298 3243 398 3299 Primo
423 3245 525 3300 autern
550 3243 660 3299 obtutu
684 3245 812 3316 apparet
835 3243 963 3300 Tnetzae
987 3247 1018 3300 et
1040 3243 1181 3300 anecdoti
1204 3245 1298 3302 verba
1321 3247 1385 3302 arte

104 3331 183 3388 inter
217 3333 251 3389 se
286 3331 452 3390 cohaerere.
509 3330 612 3388 Veluti
646 3331 728 3406 apud
770 3333 938 3407 utrumque
979 3335 1133 3390 auctorem
1177 3333 1212 3389 de
1254 3333 1384 3390 Homero

106 3420 263 3494 copiosius
284 3420 402 3498 agitur.
439 3420 497 3477 Sed
521 3420 578 3478 hoc
603 3422 651 3477 est
673 3422 967 3477 commemorandum
997 3422 1095 3479 tribus
1127 3420 1187 3479 illis
1218 3421 1293 3479 locis
1324 3439 1386 3479 non

106 3507 205 3565 solum
232 3509 366 3582 tragicos
392 3509 487 3576 afferi,
523 3509 576 3566 sed
607 3509 685 3566 varii
717 3509 834 3583 generis
866 3512 983 3584 poetas.
1028 3510 1135 3584 Itaque
1167 3529 1234 3567 mea
1265 3511 1385 3585 quidem

106 3597 259 3655 sententia
292 3597 509 3655 Kroehnertius
545 3598 575 3654 in
606 3597 828 3664 dissertatione,
867 3616 944 3673 quae
975 3600 1160 3656 inscribitur:
1193 3599 1384 3674 ‘Canonesue

105 3688 265 3760 poetarum
279 3687 459 3760 scriptorum
472 3687 626 3744 artificum
634 3704 687 3760 per
697 3686 1082 3760 antiquitatemlueruntl'
1107 3677 1278 3762 Regimonti
1290 3688 1382 3756 1897,

105 3774 240 3848 graviter
263 3775 409 3848 peccavit,
444 3776 496 3849 qui
526 3776 603 3832 hanc
632 3775 735 3849 pliada
758 3775 795 3832 ad
820 3775 952 3849 tragicos
976 3779 1085 3850 poetas
1109 3795 1177 3834 esse
1201 3777 1385 3836 referendam

106 3863 193 3944 p,26
219 3863 320 3920 adul
349 3867 459 3920 censet.
506 3865 665 3939 Expressis
698 3865 774 3921 enim
808 3866 907 3922 verbis
939 3866 1020 3938 apud
1045 3866 1186 3923 Tnetzam
1213 3884 1240 3941 p.
1258 3867 1321 3924 263
1346 3867 1383 3923 M.

106 3953 253 4026 scriptum
269 3951 420 4008 videmus:
444 3947 484 4030 ῆν
499 3950 542 4014 ,δὲ
558 3950 601 4019 εἷς
624 3955 688 4012 τῶν
711 3949 787 4014 ἑπτὰ
810 3955 987 4032 ποιητῶν,
1011 3956 1091 4029 apud
1108 3955 1289 4012 Ahrensium
1306 3975 1333 4030 p.
1351 3956 1383 4013 2:

212 4141 231 4208 ¹)
251 4142 321 4195 lllud
331 4135 474 4207 Αἰαντίδης
486 4146 551 4210 post
563 4144 650 4196 verba
662 4119 711 4196 illa
720 4123 767 4195 τδν
775 4140 810 4195 τὰ
820 4140 939 4213 Θηριακά
952 4143 1136 4213 συγγράψαντα
1149 4161 1210 4199 esse
1224 4145 1384 4215 ponendum

106 4227 141 4265 ex
160 4213 200 4265 eis
218 4217 343 4282 apparet,
370 4229 442 4284 quae
466 4214 572 4282 scripta
595 4218 710 4268 exstant
735 4216 810 4284 apud
830 4214 998 4269 Ahrensium
1016 4216 1073 4286 p.2
1096 4218 1126 4270 et
1144 4217 1172 4269 in
1191 4217 1384 4286 Lycophronis

105 4283 370 4410 yitadepllpiugpanne
394 4285 502 4339 Taetua
530 4285 690 4355 conscripta
709 4302 738 4356 p.
751 4285 804 4340 263
824 4286 867 4348 M,
897 4303 952 4357 quo
980 4287 1044 4346 loco
1073 4291 1138 4356 post
1165 4283 1314 4357 Νίκανδρος
1341 4292 1384 4342 est

105 4369 161 4550 luz
198 4426 231 4549 ι’)
251 4396 433 4482 ο1.Ἀ11τεαείἰ
451 4425 538 4498 praef.
556 4443 583 4497 p.
597 4426 678 4492 LXV,
700 4427 746 4498 qni
766 4427 839 4483 hanc
852 4430 962 4504 partem
975 4427 1098 4482 Tretzae
1112 4445 1172 4483 esse
1185 4430 1384 4500 assignandam

105 4513 133 4549 ru
164 4513 219 4552 ea.
855 4519 857 4526 ’
907 4511 908 4518 ’
