3190 4944
726 235 947 291 ...18-

197 411 329 469 Eandem
353 414 454 468 autem
479 411 713 486 dispositionem
737 416 862 470 secutus
887 429 956 469 esse
979 412 1100 470 videtur
1124 411 1339 482 Quintilianus,
1373 413 1481 488 quiin

197 501 292 558 iustIt.
317 503 391 558 orat.
416 500 508 558 libX
532 517 556 558 c.
577 500 591 557 1
617 501 687 558 inde
711 520 730 558 a
754 497 833 580 §46
865 502 956 558 affert
979 505 1088 576 poetas
1113 501 1225 576 epicos
1258 501 1289 559 in
1314 498 1393 581 §58
1418 501 1480 559 ele-

198 589 311 662 giacos,
338 609 358 646 a
374 586 393 669 ξ
412 589 452 647 59
470 589 628 657 iambicos,
647 608 666 646 a
682 586 701 669 ξ
720 590 759 647 61
779 590 910 648 melicos.
945 591 1107 648 Praeterea
1122 590 1180 648 hoc
1196 591 1264 648 loco
1281 593 1330 648 θεῖ
1350 608 1481 648 comme-

198 679 362 750 morandus
386 678 522 746 Tacitus,
558 679 610 754 qui
641 679 673 736 in
697 679 820 753 dialogo
845 696 868 736 c.
889 679 928 736 10
953 679 1027 736 haec
1050 679 1145 737 habet
1167 681 1274 737 verba:
1309 697 1375 754 ,ego
1407 697 1480 738 voro

198 784 316 826 omnem
339 767 543 842 eloquentiam
575 786 741 844 omnesque
772 769 838 830 eius
862 770 965 842 partes
990 785 1095 826 sacras
1127 771 1158 826 et
1180 769 1368 826 venerabiles
1392 772 1479 843 puto,

197 874 252 914 nec
283 856 382 915 solum
413 857 594 914 cothurnum
617 861 753 914 vestrum
787 859 842 914 aut
872 857 984 915 heroici
1013 855 1153 916 carminis
1178 875 1296 924 sonum,
1329 857 1383 916 sed
1406 857 1480 932 lyri-

198 963 300 1003 corum
325 963 446 1020 quoque
470 945 690 1003 iucunditatem
719 949 749 1003 et
773 946 924 1020 elegorum
948 946 1095 1004 lascivias
1120 949 1151 1004 et
1174 947 1343 1005 iamborum
1366 947 1481 1004 amari·
1510 992 1514 1001 .

196 1034 331 1092 tudinem
349 1036 380 1092 θῖ
392 1035 643 1110 epigrammatum
659 1035 747 1117 lusus
764 1037 794 1092 et
811 1052 1031 1110 quamcumque
1047 1035 1139 1114 aliam
1156 1036 1288 1111 speciem
1305 1036 1482 1110 eloquentia

197 1124 323 1191 habeat,
361 1124 603 1198 anteponendam
635 1124 743 1181 ceteris
781 1124 922 1182 altIorum
961 1125 1071 1182 artium
1106 1126 1217 1183 studiis
1255 1125 1362 1183 cred0.‘
1417 1125 1481 1182 Nec

197 1213 289 1271 miror
312 1211 438 1270 eandem
461 1212 629 1270 doctrinam
653 1213 780 1270 inventri
804 1212 886 1288 apud
907 1213 1033 1272 Dionem
1049 1213 1251 1272 Prusaensem
1274 1215 1304 1271 in
1329 1231 1370 1272 or.
1386 1213 1482 1271 XVIII

199 1299 218 1382 ξ
235 1303 255 1360 8
279 1301 339 1360 vol.
355 1301 382 1364 II
406 1319 434 1376 p.
452 1301 515 1359 253
539 1301 664 1358 Arnim:
683 1297 855 1381 ’Όμηρος
871 1299 905 1362 δὲ
921 1299 975 1361 καὶ
990 1305 1119 1380 πρῶτος
1134 1300 1188 1362 καὶ
1202 1299 1302 1381 μέσος
1317 1299 1371 1361 καὶ
1386 1299 1480 1362 ὕστα-

196 1411 251 1457 τος
272 1387 364 1450 παντὶ
383 1386 474 1467 ,παιδὶ
489 1387 543 1449 καὶ
566 1386 658 1468 ἀνδρὶ
681 1388 734 1450 καὶ
758 1389 888 1469 γέροντι,
911 1394 1062 1451 τοσοῦτον
1086 1389 1143 1471 ἀφ’
1161 1388 1259 1451 αὑτοῦ
1280 1388 1387 1457 διδοὺς
1403 1389 1481 1451 ὅσον

198 1478 330 1546 ἕκαστος
346 1475 474 1539 δύναται
488 1476 594 1557 λαβεῖν
606 1523 614 1536 .
626 1477 718 1559 μέλη
736 1477 853 1540 δὲκαὶ
869 1477 1010 1558 ἐλεγεῖα
1026 1477 1089 1539 καὶ
1104 1479 1236 1560 ἴαμβοι
1251 1477 1304 1540 καὶ
1321 1477 1481 1558 διθύραμ-

199 1567 252 1648 βοι
273 1571 320 1647 τῷ
342 1565 402 1646 μὲν
425 1564 543 1647 σχολὴν
566 1566 672 1646 ἄγοντι
694 1565 813 1628 πολλοῦ
838 1567 917 1638 ἄξια.
950 1570 1040 1644 Apud
1056 1569 1229 1627 Diomedem
1247 1587 1368 1645 quoque
1384 1570 1481 1645 primo

193 1658 267 1716 loco
290 1660 442 1715 tractatur
465 1675 548 1732 epos,
575 1658 671 1716 altero
696 1658 801 1733 elegia,
826 1658 916 1715 tertio
940 1659 1069 1717 iambus.
1102 1658 1205 1733 Neque
1229 1676 1300 1716 vero
1318 1659 1482 1734 quicquam

182 1747 236 1819 ,de
260 1746 368 1804 melica
390 1747 477 1820 poesi
501 1747 616 1804 abillo
640 1747 798 1821 protertur.
838 1746 924 1817 Quod
947 1747 1082 1805 fortasse
1105 1746 1175 1804 inde
1199 1750 1301 1822 potest
1326 1747 1479 1823 explicari,

200 1836 281 1911 quod
306 1835 413 1892 melica
428 1835 531 1909 poesis
555 1837 645 1894 modo
670 1836 798 1913 alterum
814 1836 903 1894 modo
921 1839 1063 1910 quartum
1081 1836 1199 1893 obtinet
1213 1836 1321 1894 locum.
1354 1836 1481 1894 Omnino

200 1928 302 1984 autem
334 1941 401 1986 meo
426 1924 546 1999 quidem
578 1925 690 1983 iudicio
723 1928 772 1983 tot
798 1925 874 1982 locis
898 1925 1033 1999 gemellis
1065 1924 1169 1982 allatis
1187 1925 1283 1999 ‚apud
1306 1925 1483 1983 Diomedem

199 2032 227 2089 p.
245 2013 296 2082 54,
308 2015 348 2071 27
374 2012 482 2070 Kaibel
513 2014 663 2074 medioIna
693 2017 743 2072 est
772 2014 803 2072 in
831 2017 982 2089 promptu.
1027 2013 1134 2089 Itaque
1158 2015 1302 2072 scribam:
1337 2015 1484 2084 ,secunda

200 2097 406 2184 meuca1),.‚
432 2103 523 2160 tertIa
539 2103 673 2177 elegiaca
696 2106 731 2162 ut
751 2105 799 2161 est
815 2103 990 2176 Callimachi
1006 2106 1037 2161 et
1051 2103 1197 2178 Properti,
1223 2106 1335 2178 quarta
1350 2103 1484 2160 iambica

190 2195 237 2270 ¹ut
259 2193 307 2248 est
328 2191 499 2249 Archilochi
524 2195 555 2250 et
577 2191 691 2250 Horati¹
717 2190 804 2269 (codd
835 2193 970 2249 secunda
1001 2193 1110 2262 eliaca,
1138 2195 1174 2250 ut
1205 2194 1253 2250 cst
1283 2192 1425 2253 archiloci
1451 2195 1484 2250 et

201 2280 328 2349 oratius
353 2279 505 2338 Usenerus
529 2280 547 2337 l.
565 2299 589 2340 ε.
606 2299 630 2338 ε.
652 2299 679 2355 p.
697 2281 760 2338 615
786 2282 920 2339 secunda
943 2282 1086 2354 elegiaca,
1112 2273 1166 2365 <ut
1189 2285 1237 2339 est
1252 2281 1428 2338 Callimachi
1452 2283 1485 2338 et

200 2370 350 2445 Properti;
373 2369 464 2427 tertia
486 2362 642 2454 Iambica>,
669 2372 704 2427 ut
727 2374 775 2428 θεῖ
797 2371 968 2428 Archilochi
993 2374 1023 2428 et
1046 2369 1172 2447 Horati).
1216 2370 1305 2446 Apud
1329 2369 1484 2428 Pollucem

200 2458 328 2516 Inveniri
363 2458 488 2516 eandem
524 2459 756 2534 dispositionem
791 2460 823 2516 ln
858 2460 1012 2518 Onomast.
1041 2460 1092 2536 lib.
1115 2459 1164 2527 IV,
1184 2459 1225 2517 52
1261 2459 1485 2517 demonstravit

201 2547 357 2605 Kaibelius
381 2548 399 2605 l.
416 2565 440 2605 s.
458 2566 481 2605 ε.
506 2566 534 2623 p.
552 2548 603 2606 61.
642 2548 705 2605 Iam
729 2548 888 2606 veniamus
912 2549 950 2606 ad
975 2565 1159 2624 anonymum
1184 2548 1236 2623 qui
1259 2551 1389 2606 vocatur
1411 2550 1485 2623 post

201 2637 397 2694 Censorinum
421 2636 455 2694 G.
469 2637 498 2694 h.
515 2637 556 2693 VI
579 2656 607 2713 p.
625 2637 698 2704 607,
725 2655 814 2711 quem
831 2637 936 2694 eadem
952 2637 1134 2712 disponendi
1157 2637 1275 2695 ratione
1299 2655 1388 2694 usum
1413 2654 1483 2695 esse

201 2724 313 2793 iudico;
346 2725 492 2800 scriptum
516 2726 594 2784 enim
618 2726 760 2800 legimus:
794 2726 890 2791 ,Prior
913 2729 961 2784 est
994 2727 1112 2784 musica
1143 2726 1317 2785 inventione
1349 2726 1484 2784 metrica.

202 2832 270 2873 cum
287 2815 350 2872 sint
365 2815 443 2872 enim
461 2815 666 2890 antiquissimi
683 2817 841 2890 poetarum
857 2815 1043 2883 Homerus,
1065 2815 1264 2880 Hesiodus,
1289 2814 1481 2884 Pisander,

201 2904 259 2961 hos
283 2904 381 2961 secuti
412 2903 604 2978 elegiarii
628 2903 773 2971 Callinus,
798 2904 1001 2972 Mimnermus,
1027 2904 1159 2972 Euenus,
1189 2921 1260 2962 mox
1282 2903 1483 2962 Archilochus

202 2995 233 3051 et
256 2992 427 3050 Simonides
456 2993 658 3050 trimetrum
681 2993 876 3051 iambicum
905 2996 935 3050 et
958 2993 1130 3052 chociacum
1154 2993 1364 3050 catalecticum
1387 2995 1484 3050 tetra·

202 3084 318 3139 metron
342 3083 575 3156 composuerint,
600 3082 799 3140 Archilochus
832 3083 923 3139 etiam
954 3086 1106 3140 commata
1129 3084 1270 3140 versibus
1302 3081 1484 3157 adplicando

201 3171 336 3228 variavit
362 3169 381 3246 t
411 3188 448 3228 ea
478 3171 581 3244 potius
613 3189 666 3246 per
696 3171 843 3246 plurImas
875 3172 1002 3246 species,
1039 3171 1138 3230 secuIt
1168 3172 1303 3238 Alcman,
1341 3187 1483 3229 numeros

203 3260 295 3317 etiam
318 3260 427 3318 minuit
450 3261 480 3317 in
497 3276 624 3318 carmen.
648 3260 738 3318 Hinc
761 3260 906 3335 poetice
930 3261 1061 3318 melica
1084 3260 1191 3318 dicta.
1226 3259 1369 3318 Telesilla
1392 3259 1485 3316 etiam

202 3349 317 3423 Argiva
339 3349 517 3408 minutiores
542 3349 635 3407 edidit
657 3367 807 3407 numeros.
837 3367 915 3424 quae
939 3350 1057 3425 species
1081 3367 1149 3407 cum
1172 3349 1233 3407 iam
1258 3348 1430 3423 displiceret
1454 3351 1486 3406 et

202 3439 320 3511 Integra
342 3437 462 3495 brevior
484 3439 645 3501 videretur,
678 3439 884 3513 magnitudine
908 3438 1030 3495 Pindari
1058 3439 1182 3496 adserta
1206 3440 1262 3506 est,
1296 3438 1348 3513 qui
1371 3437 1484 3495 liberos

203 3527 294 3586 etiam
318 3543 461 3584 numeros
485 3527 582 3584 modis
607 3527 715 3586 edidit.¹

311 3617 357 3673 Ad
380 3616 555 3673 Aristotelis
579 3617 654 3674 artis
677 3617 814 3692 poeticae
838 3615 1030 3691 partitionem
1054 3616 1220 3673 redeamus.
1264 3615 1358 3673 Cuius
1382 3615 1486 3690 bipar-

203 3705 272 3764 titio
309 3706 436 3763 subesse
468 3705 541 3762 mihi
571 3705 691 3764 videtur
725 3707 756 3763 in
792 3706 836 3762 eis
871 3705 1005 3773 scholiis,
1042 3705 1095 3763 ubi
1129 3723 1177 3762 res
1212 3706 1359 3762 Imitando
1395 3706 1485 3762 actae

199 3797 400 3870 opponuntur
422 3796 512 3852 rebus
540 3795 713 3852 narratione
741 3794 854 3853 relatis.
900 3795 1102 3852 Notissimum
1133 3794 1211 3851 euim
1243 3797 1291 3852 est
1320 3793 1395 3850 illud
1419 3789 1485 3852 ἀπὸ

203 3886 258 3944 τοῦ
288 3880 516 3962 διηγηματικοῦ
549 3880 598 3943 ἐπὶ
628 3880 663 3943 τὸ
694 3880 873 3963 μιμητικόν,
918 3884 1000 3958 quod
1031 3884 1062 3940 in
1094 3883 1218 3940 scholiis
1243 3883 1290 3940 ad
1321 3881 1486 3940 Homerum

205 3972 385 4047 conscriptis
401 3972 562 4030 invenitur.
596 3972 704 4030 Omnes
729 3975 832 4030 autem
848 3973 932 4030 locos
957 3990 1131 4030 enumerare
1147 3972 1270 4046 longum
1287 3974 1342 4029 est.
1377 3972 1486 4046 Itaque

205 4061 343 4119 conferas
372 4061 461 4119 velim
484 4062 657 4120 Adamium:
691 4063 765 4131 „Die
794 4061 1018 4119 aristotelische
1042 4062 1167 4119 Theorie
1199 4079 1268 4119 vom
1293 4061 1374 4135 Epos
1406 4061 1487 4118 nach

204 4151 283 4207 ihrer
306 4151 519 4226 Eutwicklung
542 4151 591 4208 bei
607 4151 752 4209 Griechen
777 4150 837 4207 und
861 4151 990 4208 lttmern
1007 4149 1115 4227 (1889)
1140 4168 1167 4225 p.
1186 4151 1227 4208 38
1252 4153 1282 4208 et
1305 4151 1338 4208 G.
1355 4149 1487 4207 Lehner-

204 4240 280 4297 tium
316 4241 352 4296 de
387 4240 513 4298 scholiis
549 4241 588 4298 ad
619 4241 781 4297 Homerum
816 4239 973 4297 rhetoricis
1003 4239 1093 4316 (Lips.
1120 4238 1214 4314 1896)
1239 4257 1266 4314 p.
1289 4239 1394 4314 91sq,
1433 4239 1488 4314 qui

313 4376 330 4445 ¹)
350 4376 386 4430 cf.
400 4377 429 4429 F.
445 4377 616 4431 Schoellium
635 4377 663 4430 in
683 4375 776 4430 annal.
789 4375 961 4431 Fleckeisen.
975 4375 1029 4430 vol.
1042 4375 1093 4430 155
1106 4374 1194 4444 (1897)
1208 4391 1234 4445 p.
1247 4375 1301 4429 879
1320 4378 1349 4430 θῖ
1366 4375 1488 4430 Reiffer-

204 4448 359 4503 scheidium
379 4448 466 4512 1.,ε.,ε.
485 4464 512 4517 p.
525 4448 586 4503 377.
623 4447 737 4502 Minime
755 4450 852 4501 autem
871 4450 937 4501 sunt
956 4447 1173 4516 comprobanda,
1202 4463 1275 4517 quae
1293 4446 1488 4502 Buchholzius

204 4519 233 4574 in
253 4519 345 4574 annal.
359 4519 530 4573 Fleckeisen.
543 4518 598 4573 vol.
611 4519 661 4574 155
679 4535 706 4588 p.
723 4517 773 4572 137
793 4519 828 4572 de
846 4519 925 4588 poesi
942 4518 1031 4590 lyrica
1050 4519 1163 4588 proiert.
