3190 4944
649 187 904 273 -ιιτ-έ

10 427 11 470 p
120 387 295 470 καλάμινος
329 387 438 458 ababa·
459 388 609 469 τιτύρινος
638 388 775 452 καλεῖται
793 387 892 469 παρὰ
921 395 986 459 τοῖς
1016 390 1049 452 ἐν
1075 387 1199 471 Ἰταλίᾳ
1218 388 1400 542 Δωριεῦσιν,

10 479 11 533 l
121 478 167 548 ὡς
185 477 421 559 Ἀρτεμίδωρος
443 478 613 558 ῖστορεῖέν
634 478 665 559 β’
689 477 761 560 περὶ
784 476 952 560 Δωριόος..

122 601 123 606 κ
227 569 287 627 Sed
319 571 355 627 ut
387 587 536 629 summam
567 569 664 628 totius
695 569 913 645 disputationis
945 570 1105 638 iaciamus,
1139 570 1302 646 quaeritur,
1328 588 1400 628 num

10 671 11 746 ι
77 652 82 664 ”
120 659 262 716 anecdoti
285 657 424 718 listensis
457 660 565 716 auctor
596 659 744 718 nominari
773 659 881 732 possit.
929 659 1025 728 Qua
1017 677 1049 716 m
1073 677 1104 716 re
1126 659 1328 734 reputandum
1353 663 1401 717 est

10 761 11 819 3
120 748 248 823 primam
279 747 421 807 anecdoti
452 749 569 822 partem
600 751 666 806 arte
690 748 850 809 cohaerere
873 765 942 806 cum
965 748 1094 807 Taetnae
1117 748 1336 823 prolegomenis
1361 748 1400 806 ad

119 836 357 913 Lycophronem
383 836 513 895 alteram»
532 853 581 895 ex.
594 835 708 895 eisdem
730 836 867 902 fontibus
895 855 964 896 esse
986 837 1131 895 haustam
1155 840 1247 912 atque
1271 837 1401 895 Taetaae

10 983 11 1022 ,
121 926 157 984 de
188 925 276 1000 poesi
308 925 476 986 dramatico
509 927 669 992 tractatus,
706 925 737 983 ln
766 926 859 983 tertia
889 928 975 1001 parte
1005 926 1037 984 id
1060 928 1161 1000 caput,
1187 925 1269 1000 quod
1286 927 1341 984 'est
1364 926 1400 983 de

120 1031 196 1073 voce
214 1047 215 1050 ι
233 1011 402 1093 βουκόλος,
441 1031 478 1073 ex
517 1014 636 1072 Orionis
670 1013 882 1089 Neoplatonici
920 1015 1018 1074 lexico
1055 1031 1218 1073 emanasse
1246 1013 1400 1089 illamque

10 1167 11 1174 χ
120 1102 301 1178 particulam
332 1104 371 1162 ad
395 1104 546 1164 Theocriti
576 1103 673 1162 vltam
704 1106 797 1178 atque
820 1103 924 1178 pliada
947 1107 1105 1179 poetarum
1127 1103 1400 1162 Alexandrinorum

10 1237 11 1278 y
120 1191 323 1266 pertinentem.
350 1193 441 1250 simili
471 1193 591 1252 ratione
620 1209 689 1250 esse
722 1193 896 1250 institutam
919 1197 1011 1268 atque
1035 1194 1162 1251 Taetnae
1186 1192 1281 1250 vltam
1303 1191 1400 1267 Lyco-

10 1303 11 1347 ;
120 1281 255 1355 phronis.
298 1282 417 1352 Quibus
430 1281 627 1354 vargumentis
640 1281 807 1357 ¹perpensis
831 1281 936 1356 aliqua
960 1299 1028 1339 cum
1050 1281 1287 1357 probabilitatis
1301 1281 1417 1356 specie,

122 1369 181 1427 dici
204 1388 297 1445 posse
320 1371 422 1431 iudico
447 1371 617 1428 anecdoton
633 1371 761 1428 Estense
785 1388 855 1428 esse
871 1371 1075 1446 conscriptum
1092 1372 1131 1428 ab
1147 1369 1265 1429 Ioanne
1280 1369 1400 1428 Taetaa.

121 1459 214 1528 Quem
249 1459 400 1518 Theocriti
429 1459 616 1518 carminibus
652 1459 809 1518 studuisse
844 1460 987 1534 cognosci
1021 1462 1125 1534 potest
1160 1476 1196 1518 ex
1232 1458 1400 1516 Chiliadum

120 1547 170 1605 lib.
194 1547 221 1604 ΙΙ
242 1566 271 1606 v.
296 1548 361 1606 580
385 1551 416 1607 et
438 1548 488 1607 lib.
511 1548 564 1606 Xll
587 1567 615 1607 v.
641 1549 726 1617 944„
739 1550 792 1606 ubi
815 1547 967 1607 Theocriti
989 1549 1059 1624 Ipsa
1081 1549 1176 1607 verba
1198 1545 1399 1624 afferuntmffl

10 1649 11 1700 ζ
122 1636 293 1695 Secundum
318 1654 371 1706 ea,
402 1655 481 1712 quae
512 1655 607 1712 supra
637 1657 665 1714 p.
679 1639 741 1698 VB.
766 1637 974 1713 exposuimus,
1011 1638 1086 1696 haec
1116 1637 1330 1711 prolegomena
1353 1636 1400 1694 ¹ad

10 1779 11 1808 ,
121 1725 270 1784 Theocriti
295 1726 430 1784 carmina
453 1727 627 1801 conscripta
650 1727 779 1785 Taetnae
802 1727 905 1785 iuveni
924 1728 1002 1784 sunt
1024 1725 1220 1800 assignanda.
1264 1725 1400 1784 Ceterum

121 1831 158 1871 ea
181 1813 333 1872 Theocriti
355 1814 584 1889 prolegomena,
602 1829 688 1889 quae
697 1815 736 1873 ad
753 1817 831 1886 hanc
847 1819 979 1874 aetatem
995 1813 1204 1890 pervenerunt,
1223 1814 1401 1891 Byzantinis

122 1906 193 1962 auct
180 1903 298 1961 toribus
330 1920 387 1960 nos
412 1903 528 1960 debere
560 1920 669 1961 censeo
701 1907 734 1960 at
735 1920 794 1978 que
826 1922 863 1962 ea
895 1904 1041 2005 imprimis
1072 1905 1208 1962 Tnetnae.
1255 1904 1338 1973 Quos
1362 1918 1400 1960 ex

120 1992 341 2050 vetustioribus
372 1991 501 2065 pendere
532 1992 753 2066 prolegomenis
786 1995 816 2050 et
846 2010 899 2067 per
929 2011 962 2095 se
994 1993 1094 2068 ipsum
1125 1996 1155 2051 et
1181 2010 1223 2050 ex
1242 1993 1296 2061 eis,
1322 2009 1400 2068 quae

121 2080 406 2148 demonstravimus,
433 2097 578 2156 apparere
601 2081 711 2140 iudico.

672 2215 852 2357 hddendu.

10 2417 11 2480 ι
231 2400 257 2458 l.
280 2399 456 2475 Nuperrime
480 2399 737 2458 Wilamowitzius
765 2401 794 2457 in
827 2403 985 2459 comment.
1009 2401 1111 2476 philol.
1136 2419 1156 2458 a
1178 2401 1347 2476 Kiesslingio
1371 2404 1402 2460 et

10 2529 11 2536 .
121 2489 359 2548 Wilamowitaio
383 2491 428 2548 ed.
452 2489 513 2549 vol.
536 2488 638 2550 XVIII.
663 2484 771 2570 (1906)
795 2508 823 2565 p.
848 2490 918 2548 125.
947 2491 1133 2565 epigramma
1159 2489 1233 2550 illud
1261 2487 1355 2557 ἄλλος
1382 2487 1401 2550 ὁ

120 2573 204 2645 Χῖος
235 2580 422 2642 retractavIt.
467 2579 568 2638 Verba
595 2579 684 2637 modo
716 2579 813 2636 allata
841 2579 880 2636 ad
903 2579 1065 2637 Homerum
1088 2580 1252 2653 pertiuere,
1277 2597 1338 2637 non
1362 2580 1401 2636 ad

10 2695 11 2714 ι
121 2667 313 2728 Τιιοοοιιιιιιιι
337 2663 477 2748 chrum2)
500 2667 550 2726 ille
574 2668 803 2726 demonstravit.
842 2668 901 2726 Sed
925 2668 1150 2743 epigrammatis
1170 2685 1293 2725 versum
1310 2685 1401 2742 quar-

120 2758 185 2814 tum
201 2760 280 2815 recte
298 2759 345 2814 est
360 2757 576 2830 interpretatus
593 2757 727 2816 Betheus
743 2758 761 2818 l.
779 2775 803 2816 s.
820 2776 844 2816 a.
860 2777 888 2833 p.
902 2757 931 2816 9.
968 2758 1130 2816 Praeterea
1145 2757 1400 2815 Wilamowitzius

10 2877 11 2898 ι
121 2846 306 2920 epigramma
344 2846 508 2904 carminum
540 2846 785 2906 Theocriteorum
820 2847 946 2904 editioni
977 2847 1074 2907 fuisse
1109 2846 1287 2921 inscriptum
1318 2845 1399 2914 dicIt,

121 2937 213 3009 negat
236 2934 273 2992 de
296 2935 416 3009 pictura
439 2951 531 3008 posse
556 2930 718 3016 cogitari.⁸)
765 2935 823 2993 Sed
846 2935 912 2993 fieri
936 2935 1053 3010 potuit,
1079 2938 1129 3003 ut,
1156 2952 1339 3010 quamquam
1364 2952 1401 2992 ex

10 3041 11 3050 ¹
122 3023 348 3098 epIgrammatis
371 3024 473 3082 verbis
496 3023 636 3082 concludi
658 3025 764 3100 nequit
786 3024 860 3082 illud
884 3041 953 3082 esse
975 3024 1162 3082 referendum
1186 3024 1224 3081 ad
1241 3023 1398 3099 picturam,

10 3127 11 3150 ³
120 3115 224 3169 tamen
254 3112 285 3169 in
316 3114 458 3170 vetustae
489 3113 632 3171 edItionis
654 3113 746 3171 tltulo
770 3115 933 3188 utrumque
955 3113 1141 3171 invenIretur
1165 3116 1195 3171 et
1218 3113 1401 3187 epigramma

122 3201 197 3258 illud
222 3207 252 3257 et
274 3201 401 3276 pictura.

10 3341 11 3350 .
229 3289 257 3350 2.
280 3291 384 3347 Pauca
400 3291 511 3348 addam
535 3290 570 3347 de
594 3289 711 3348 dicendi
726 3291 895 3364 generibus.
934 3291 1069 3349 Affertur
1092 3291 1171 3348 enim
1195 3291 1225 3347 iu
1250 3290 1400 3348 anecdoto

10 3383 11 3388 ’
122 3382 152 3436 et
186 3379 269 3454 apud
302 3378 497 3438 Plutarchum
531 3381 728 3454 personatum
763 3380 887 3454 grandis
923 3380 1041 3438 dicendi
1079 3380 1196 3454 genens
1231 3379 1400 3454 exemplum

121 3467 322 3542 Thucydides,
355 3469 444 3526 medii
467 3468 695 3545 Demosthenes,
724 3469 826 3526 tenuis
849 3468 967 3543 Lysias.
1014 3468 1098 3538 Quae
1122 3469 1260 3526 doctrina
1283 3470 1402 3542 spectat

122 3556 161 3614 ad
184 3556 363 3632 Dionysium
390 3556 650 3615 Halicarnassum.
697 3557 733 3614 ol.
757 3557 1030 3615 Radermacherum
1061 3557 1092 3614 in
1123 3575 1200 3615 mus.
1223 3557 1316 3614 Rhen.
1340 3555 1400 3614 vol.

121 3644 186 3702 LIV
210 3642 317 3720 (1899)
341 3663 369 3719 p.
387 3645 459 3704 372.
506 3645 618 3704 Subest
649 3645 741 3718 igilur
771 3646 909 3704 doctrina
939 3645 1150 3720 Peripatetico,
1183 3663 1274 3722 quam
1306 3645 1401 3704 Stoici

121 3734 152 3791 in
176 3750 266 3790 usum
298 3750 387 3791 suum
412 3737 634 3802 converterunt,
667 3735 697 3791 id
722 3735 805 3810 quod
835 3752 929 3811 supra
952 3735 1159 3810 exposuimus.
1192 3735 1229 3792 cf.
1253 3733 1401 3791 Wilamo-

10 3823 11 3834 ’
121 3822 258 3880 witzium
288 3822 320 3878 iu
342 3821 470 3880 Hermae
500 3824 561 3881 vol.
577 3822 684 3880 XXXV
707 3821 815 3900 (1900)
845 3842 872 3898 p.
890 3823 941 3884 44.
964 3857 1009 3865 -
1031 3824 1217 3881 Permultum
1248 3823 1332 3882 valet
1362 3823 1400 3881 ad

123 3911 241 3969 dicendi
264 3927 405 3983 generum
429 3911 597 3969 doctrinam
624 3912 868 3987 investigandam
892 3913 1060 3971 Philodemi
1086 3913 1173 3970 locus
1197 3912 1257 3971 vol.
1281 3913 1355 3974 rhet.
1379 3912 1400 3971 I.

122 4018 150 4075 p.
170 3999 230 4057 165
256 3999 362 4058 Sudh.:
393 3996 523 4078 πλάσμα
555 3997 647 4062 δὲτὸ
676 3998 898 4081 ἁδρογροφίαν
926 4000 1000 4081 ἕχον
1023 4000 1043 4080 ἢ
1067 3999 1232 4081 ἰσχνότητα
1260 4000 1280 4080 ἢ
1304 3998 1400 4080 μεσό-

10 4129 11 4132 =
121 4108 196 4168 τητα
228 4087 275 4165 (cf.
306 4088 577 4147 Radermacherum
609 4090 627 4148 ι.
652 4109 676 4149 s.
700 4109 724 4149 s.
760 4110 788 4166 p.
813 4092 873 4149 361
913 4093 980 4149 adn.
1008 4091 1035 4167 ll
1072 4092 1091 4171 ἢ
1127 4087 1400 4170 γιαφυρότητα.

10 4281 11 4354 ι
229 4279 248 4348 ¹)
267 4277 303 4332 ol.
321 4277 596 4333 WilamoWItaium'
588 4295 617 4333 m
636 4282 785 4334 comment.
804 4280 902 4350 philol.
921 4296 939 4335 a
957 4279 1116 4350 Kielihngio
1136 4282 1165 4334 et
1183 4279 1401 4336 Wilamowitzio

10 4395 11 4407 .
123 4351 166 4406 ed.
186 4348 242 4404 vol.
260 4348 350 4403 XVIII
369 4348 503 4420 (lSOdlp.
522 4349 577 4415 516.

228 4419 249 4485 ⁹)
269 4419 305 4476 cl.
324 4420 463 4477 Betheum
482 4421 499 4476 l.
513 4437 534 4477 s.
548 4437 570 4477 s.
589 4437 616 4492 p.
628 4421 655 4477 8.

156 4497 161 4505 ’
228 4492 249 4561 ⁸)
267 4490 303 4546 of.
321 4491 605 4549 Wilamowitaiuml
618 4509 676 4549 ss.
695 4509 722 4564 p.
736 4492 778 4549 10.
797 4493 862 4549 adn.

175 4588 280 4644 Kayser.
1204 4583 1223 4637 7
