3190 4944
644 260 862 317 -g5..

115 457 196 498 mus:
220 440 370 498 tumidum
393 457 488 512 genus
513 439 609 496 refero
634 438 672 495 ad
697 435 885 516 ἐπηρμένον,
910 437 1094 495 dissolutum
1116 437 1154 494 ad
1178 433 1394 514 ἐκλελυμένον,

115 529 191 588 exile
214 529 254 586 ad
276 525 429 588 ταπεινόν.
468 527 544 585 lllud
568 525 697 603 ‘fucosa’
723 530 823 584 autem
845 527 963 601 'generis
978 527 1079 584 floridi
1096 527 1204 585 vitium
1229 543 1297 583 esse
1322 525 1395 582 mihi

114 615 266 693 videtur.¹)
312 618 401 691 Apud
431 617 601 683 RomanoS,
639 634 766 691 quorum
801 616 968 674 doctrinam
1003 617 1215 680 tractavimus,
1252 615 1394 673 floridum

115 725 209 781 genus
235 708 265 763 in
289 707 495 764 characterum
519 723 643 763 numero
668 708 777 780 quarto
801 704 869 762 loco
893 705 1029 768 habetur.

223 795 282 853 Sed
306 798 341 854 ut
364 811 511 852 summam
536 795 627 852 huius
652 794 868 869 disputationis
892 793 1051 862 faciamus,
1081 811 1135 850 sex
1158 793 1227 851 illos
1253 797 1394 851 auctores

115 885 153 943 ad
184 901 278 942 unum
309 885 496 959 eundemque
526 883 641 941 fontem
665 884 813 941 Graecum
845 901 913 940 esse
944 883 1116 940 referendos
1149 885 1197 940 est
1223 881 1394 940 verisimile.

114 975 145 1031 ln
170 991 232 1049 quo
257 975 293 1031 de
309 974 429 1031 Homeri
453 976 518 1030 arte
542 973 693 1031 rhetorica
713 975 815 1030 actum
840 989 908 1030 esse
932 973 980 1028 vel
1003 972 1073 1029 inde
1097 975 1233 1047 apparet,
1259 971 1340 1046 quod
1364 972 1395 1028 iu

115 1062 270 1121 Plutarchi
302 1064 353 1137 qui
385 1063 479 1119 fertur
510 1061 611 1120 libello
635 1079 659 1119 c.
677 1062 717 1120 72
743 1062 818 1119 haec
850 1063 963 1136 scripta
994 1061 1136 1135 legimus:
1168 1057 1260 1120 Ἐπεὶ
1285 1057 1395 1119 δὲκαὶ

115 1150 311 1230 χορακτῆρές
335 1151 391 1211 εἰσι
406 1153 470 1211 τῶν
492 1148 599 1228 λόγων
613 1147 651 1209 τὰ
667 1148 848 1229 καλούμενα
864 1145 1052 1230 Πλάομστα,
1076 1145 1123 1210 ὧν
1145 1146 1181 1209 τὸ
1204 1146 1263 1228 μὲν
1287 1147 1395 1227 ἁδρόν,

115 1237 149 1300 τὸ
182 1237 210 1299 δ’
244 1238 359 1319 ἰσχνόν,
390 1237 425 1299 τὸ
458 1237 493 1300 δὲ
522 1238 622 1318 μέσον
655 1237 781 1317 λέγεται,
813 1237 955 1318 ἴδωμεν
990 1239 1022 1300 εἰ
1049 1236 1169 1299 πάντα
1202 1237 1275 1300 ἐστὶ
1310 1237 1394 1316 παρ’

116 1325 287 1408 Ὁμήρῳ,
320 1332 393 1389 τῶν
422 1326 491 1408 μὲν
524 1328 605 1407 μετ’
637 1325 750 1388 αὐτὸν
780 1331 948 1408 ποιητῶν
979 1329 998 1408 ἢ
1030 1326 1285 1407 λογογράφων
1317 1326 1394 1388 ἑπι-

114 1415 381 1498 τηὸευοάντων
413 1417 450 1478 ἕν
480 1439 510 1477 τι
537 1416 680 1478 τούτων
708 1414 879 1478 ἑκάστου.
926 1418 1033 1492 Itaque
1057 1418 1194 1493 equidem
1218 1436 1294 1492 nego
1319 1418 1396 1475 hauc

116 1507 283 1565 doctrinam
315 1525 378 1566 uua
409 1524 477 1564 cum
507 1508 661 1564 rhetorum
693 1508 729 1564 de
752 1507 913 1581 generibus
947 1507 1063 1564 dicendi
1095 1507 1233 1564 doctrina
1260 1507 1305 1564 ita
1328 1525 1396 1564 esse

116 1595 371 1664 confundendam,
405 1600 440 1654 ut
469 1597 542 1654 fecit
573 1597 744 1654 Schmidius
768 1596 786 1653 l.
804 1615 827 1653 s.
846 1592 895 1673 sl)
942 1596 1016 1652 Eum
1048 1599 1163 1662 autem,
1198 1597 1250 1671 qui
1281 1596 1395 1670 primus

116 1686 191 1742 haec
224 1688 370 1760 quattuor
402 1703 512 1760 genera
543 1686 658 1743 dicendi
698 1685 871 1753 constituit,
911 1684 1041 1743 Homero
1075 1702 1198 1759 operam
1232 1685 1396 1742 navavisse

117 1791 225 1832 censeo
250 1775 377 1850 eiusque
401 1793 479 1850 opus
504 1775 541 1831 ad
566 1778 661 1832 artem
677 1776 828 1849 poeticam
852 1775 1008 1850 pertinere.
1046 1773 1166 1830 Minime
1191 1774 1218 1831 ei
1241 1774 1271 1831 in
1296 1775 1396 1832 auimo

117 1865 181 1920 erat
205 1862 241 1919 de
257 1865 417 1937 generibus
442 1864 559 1920 dicendi
582 1864 658 1939 ipsis
683 1864 821 1931 scrihere,
847 1864 936 1938 quasi
953 1867 1037 1920 esset
1056 1858 1193 1939 rhetorfl)
1228 1863 1286 1920 Sed
1303 1879 1397 1938 quae-

116 1953 199 2020 ritur,
226 1970 297 2009 num
322 1953 453 2027 quadam
478 1969 544 2009 cum
569 1951 783 2026 probabilitate
808 1955 915 2010 auctor
938 1953 988 2009 ille
1012 1952 1160 2009 nominari
1185 1952 1293 2027 possit.
1333 1952 1398 2010 Hoc

117 2043 218 2098 autem
249 2040 317 2098 loco
350 2041 448 2098 dicam
478 2039 600 2098 Stoicae
632 2044 735 2098 sectae
766 2042 966 2116 philosophos
991 2041 1111 2098 Homeri
1143 2041 1307 2098 carminum
1340 2040 1397 2097 arti

117 2130 285 2188 rhetoricae
319 2129 495 2204 plerumque
525 2130 696 2197 studuisse,
734 2130 763 2186 id
796 2130 877 2204 quod
910 2130 1130 2187 demonstravit
1153 2130 1330 2187 Lehuertius
1362 2129 1398 2186 de

118 2219 243 2277 scholiis
267 2219 307 2276 ad
330 2217 492 2276 Homerum
516 2219 673 2276 rhetoricis
697 2237 724 2293 p.
743 2219 784 2276 97
810 2235 876 2292 sqq.
922 2219 988 2275 Huc
1013 2219 1138 2284 accedit,
1170 2219 1252 2293 quod
1277 2218 1398 2277 Stoicae

118 2308 273 2366 doctrinae
296 2308 428 2382 vestigia
457 2325 550 2381 supra
577 2308 786 2364 tractavimus.
835 2307 890 2363 Sed
922 2309 960 2364 ad
988 2311 1086 2365 totam
1117 2307 1195 2365 hanc
1224 2308 1260 2364 de
1288 2308 1398 2366 florido

118 2397 235 2454 dicendi
251 2414 358 2471 genere
374 2397 585 2472 quaestionem
602 2395 821 2454 absolvendam
845 2397 933 2453 nobis
950 2397 1007 2454 erit
1022 2397 1241 2472 explicandum,
1267 2414 1397 2472 quanam

118 2490 220 2544 aetate
245 2486 384 2544 doctrina
406 2485 460 2544 illa
483 2487 631 2544 exsistere
654 2486 795 2561 potuerit.

225 2575 324 2633 Primo
348 2575 415 2633 loco
441 2575 596 2638 afferenda
620 2578 693 2634 suut
716 2575 850 2632 auctoris
871 2576 909 2632 ad
926 2575 1108 2631 Herennium
1125 2576 1218 2631 verba
1233 2575 1279 2643 IV,
1300 2575 1398 2642 8,11:

120 2664 214 2740 ‘Sunt
235 2664 328 2737 igitur
345 2665 404 2722 tria
427 2682 544 2739 genera,
572 2683 650 2740 quae
674 2682 786 2738 genera
809 2682 865 2737 nos
882 2665 997 2738 figuras
1015 2662 1213 2738 appellamus,
1239 2663 1398 2739 inquibus

118 2753 216 2809 omnis
241 2753 339 2810 oratio
363 2771 423 2811 nou
441 2754 555 2811 vitiosa
570 2754 774 2812 consumitur:
799 2771 889 2811 uuam
905 2770 1036 2828 gravem,
1063 2753 1188 2810 alteram
1209 2752 1396 2820 mediocrem,

117 2841 238 2898 tertiam
271 2845 468 2899 extenuatam
499 2847 655 2901 vbcamus.
703 2844 813 2901 Gravis
838 2846 897 2909 est,
931 2859 1011 2917 quae
1035 2844 1157 2899 constat
1181 2859 1217 2898 ex
1239 2842 1399 2899 verborum

118 2930 256 3004 gravium
284 2931 344 2988 levi
373 2935 401 2988 et
434 2934 543 2989 ornata
567 2932 803 2990 constructione.
849 2931 1008 2989 Mediocris
1033 2934 1089 2998 est,
1115 2949 1194 3006 quae
1218 2933 1340 2988 constat
1363 2947 1400 2986 ex

118 3019 276 3076 humiliore
300 3036 396 3094 neque
420 3022 521 3077 tamen
546 3039 583 3077 ex
606 3021 723 3078 infuma
739 3025 769 3078 et
783 3020 1054 3096 pervulgatissima
1068 3021 1228 3078 verborum
1245 3020 1399 3094 dignitate.

7 3177 8 3186 χ
117 3109 288 3165 Attenuata
312 3112 367 3170 est,
394 3126 473 3183 quae
497 3110 630 3166 demissa
654 3114 820 3182 estusque
845 3110 882 3166 ad
900 3109 1134 3168 usitatissimam
1151 3110 1218 3185 puri
1235 3114 1399 3167 cousuetu-

118 3197 216 3254 dinem
241 3195 398 3254 sermonis'
423 3200 453 3255 et
476 3197 622 3256 Varronis
647 3199 748 3258 verba,
775 3215 854 3272 quae
875 3198 989 3273 scripta
1012 3199 1138 3272 legimus
1163 3201 1245 3275 apud
1270 3198 1399 3256 Gellium

118 3285 166 3354 Vl,
189 3286 240 3346 14:
274 3285 321 3362 tlit
352 3287 382 3343 in
406 3287 536 3344 carmine
561 3287 644 3344 etin
669 3285 772 3343 soluta
796 3287 933 3343 oratione
957 3305 1067 3360 genera
1090 3289 1207 3346 dicendi
1230 3288 1400 3362 probabilia

8 3369 9 3378 ’
119 3378 192 3431 sunt
213 3375 282 3443 tria,
308 3393 385 3450 quae
402 3376 509 3433 Gracci
532 3379 734 3454 χαρακτῆρας
749 3378 864 3433 vocant
879 3376 1061 3451 nominaque
1078 3377 1122 3434 eis
1138 3377 1274 3433 lecerunt
1291 3373 1398 3454 ἁδρόν,

119 3460 236 3542 ἰσχνόν,
263 3462 372 3541 μέσον.
418 3464 482 3521 Nos
507 3482 645 3539 quoque,
677 3482 765 3539 quem
790 3464 918 3540 primum
941 3465 1111 3539 posuimus,
1133 3463 1276 3522 ‘uberem'
1305 3483 1399 3523 voca·

8 3575 9 3586 ¹
119 3569 203 3618 mus,
237 3552 404 3610 secundum
432 3551 606 3626 ‘gracilem’.
639 3554 761 3610 tertium
790 3552 1018 3612 ‘mediocrem’'.
1065 3555 1147 3625 Quae
1175 3555 1269 3613 verba
1297 3572 1400 3612 eorum

120 3644 192 3698 sunt
216 3641 376 3709 simillima,
404 3658 481 3715 quae
505 3643 700 3701 inveniuntur
723 3642 804 3716 apud
829 3641 976 3702 Proolum.
1018 3643 1051 3700 Id
1075 3643 1155 3718 quod
1179 3644 1224 3700 eis
1249 3660 1326 3718 quae
1351 3662 1399 3700 se-

120 3733 229 3787 cuntur
260 3731 481 3805 comprobatur.
535 3731 610 3787 Nam
644 3734 678 3788 ut
708 3731 789 3806 apud
821 3731 961 3788 Proolum
992 3732 1036 3789 sic
1069 3732 1149 3807 apud
1178 3735 1331 3790 auctorem
1361 3731 1399 3788 ad

118 3819 244 3877 Hcrenu.
269 3823 300 3876 et
323 3819 402 3894 apud
420 3819 586 3876 Varronem
611 3820 739 3894 singulis
761 3820 908 3878 orationis
924 3820 1089 3878 virtutibus
1106 3823 1301 3896 opponuntur
1315 3820 1399 3878 vitia

118 3907 171 3965 Ille
194 3908 272 3964 cuim
296 3908 370 3965 dicit
391 3907 440 3975 IV,
462 3908 510 3976 10,
533 3909 588 3967 15:
613 3909 678 3986 ,nst
701 3912 802 3968 autem
827 3910 1004 3977 cavendum,
1030 3928 1075 3978 ne,
1102 3910 1171 3967 dum
1196 3911 1270 3967 haec
1290 3927 1401 3984 genera

9 4013 10 4016 ’
120 3999 342 4062 consectemur,
377 3997 407 4053 in
438 3997 580 4056 finituma
610 4002 640 4056 et
671 3999 842 4074 propinqua
875 3999 954 4058 vitia
985 3999 1152 4056 veniamus.
1207 3998 1283 4055 Nam
1316 3999 1401 4072 gravi

9 4119 10 4131 ,
119 4085 252 4160 figurae,
287 4104 365 4161 quae
396 4085 552 4144 laudanda
576 4092 636 4156 est,
670 4088 842 4164 propinqua
865 4091 913 4146 est
937 4105 987 4155 ea,
1022 4105 1100 4163 quae
1123 4087 1275 4159 fugienda.
1322 4105 1401 4162 quae

120 4207 334 4217 --.——-—

227 4258 246 4326 ²}
265 4257 301 4312 ol.
316 4257 435 4312 Gellium
451 4258 483 4312 N.
498 4260 529 4312 A.
544 4260 587 4322 VI,
606 4259 706 4314 1411:
735 4260 965 4332 eunumquodque
987 4263 1082 4312 autem
1101 4275 1198 4328 genus,
1218 4263 1251 4312 ut
1271 4259 1399 4324 diximus,

13 4349 19 4364 ·
120 4345 183 4383 cum
203 4334 282 4383 caste
294 4330 450 4400 pudiceque
470 4335 594 4393 ornatur,
613 4331 650 4383 fit
662 4329 805 4389 illustrius,
826 4349 890 4386 cum
909 4333 1057 4385 lucatur
1075 4335 1162 4400 atque
1174 4331 1346 4402 praelinitur,
1366 4330 1402 4385 lit

119 4399 356 4504 praestigiosum.³
393 4400 429 4456 cl.
449 4401 628 4484 ΣέοἰσιιξᾰίιισιΙ
640 4401 657 4454 l.
671 4417 692 4456 s.
705 4417 726 4485 ⁸:
746 4419 773 4473 p.
788 4403 846 4484 138.
1247 4473 1252 4484 Ι

240 4474 248 4536 )
269 4473 398 4526 Ceterum
418 4473 577 4528 Schmidrus
595 4473 739 4528 Diomedis
757 4481 897 4528 rationem
917 4473 1021 4527 babere
1040 4474 1124 4544 plane
1143 4472 1275 4542 neglexit.

227 4543 245 4612 ⁸)
266 4543 299 4597 el.
319 4544 510 4600 Immischium
530 4546 547 4600 l.
560 4561 581 4599 s.
595 4561 617 4599 a.
637 4562 663 4616 p.
677 4545 736 4600 254.
786 4600 788 4604 ,
