3190 4944
739 223 961 281 ..76-

213 421 292 478 quae
322 403 421 459 adhuc
448 402 653 459 innotuerunt.
700 401 764 457 Hoc
788 403 890 458 autem
915 402 1209 458 commemorandum
1233 403 1282 457 est
1304 401 1382 457 hanc
1406 418 1496 458 anec-

212 492 276 550 doti
299 494 414 566 partem
439 493 520 548 certo
538 490 665 548 consilio
690 507 759 548 esse
776 490 949 547 conflatam.
984 489 1061 546 Nam
1078 490 1145 564 quis
1163 491 1219 555 est,
1246 489 1318 564 quin
1339 489 1498 562 intellegat

212 580 442 656 dispositionem
475 580 628 655 quandam
660 597 728 637 esse
759 578 951 637 adhibitam?
998 579 1097 636 Primo
1127 579 1205 636 enim
1228 578 1295 636 loco
1321 579 1357 635 de
1382 579 1498 652 origine

212 687 342 744 poeseos
354 669 510 726 bucolicae
527 671 634 727 auctor
649 668 699 725 ille
714 668 848 725 incertus
865 670 959 726 verba
970 668 1053 734 iacit,
1069 667 1175 725 deinde
1192 667 1228 724 de
1240 666 1400 724 Theocrito
1418 669 1496 742 ipso,

210 761 276 816 tum
307 758 343 816 de
373 758 502 816 vocibus
534 755 708 836 βουκολική
742 760 772 814 et
801 753 973 835 βουκόλος,
1005 757 1042 815 de
1070 757 1202 814 editione
1226 756 1433 814 bucolicorum
1459 758 1498 813 ab

211 847 401 905 Artemidoro
426 847 572 912 conlecta,
599 847 635 904 de
660 846 777 904 dicendi
801 846 969 918 generibus,
1001 846 1037 903 de
1061 846 1191 903 dialecto
1215 846 1334 911 Dorica,
1361 845 1398 902 de
1421 863 1498 903 voce

211 933 371 996 εἶὸύλλιον.
416 937 461 993 Ea
485 939 595 1002 autem,
621 953 700 1010 quae
724 935 806 1010 apud
830 935 1010 993 Ahrensium
1034 938 1065 992 et
1088 934 1254 1009 Zieglerum
1285 934 1399 1009 publici
1423 933 1498 992 iuris

212 1028 285 1083 sunt
306 1025 404 1092 facta,
435 1024 526 1081 aliam
551 1024 782 1098 dispositionem
805 1025 947 1081 videntur
969 1026 1121 1099 praebere.
1169 1023 1227 1097 Sed
1252 1023 1310 1080 hoc
1335 1026 1383 1080 est
1406 1040 1498 1097 repu-

210 1115 338 1171 tandum
361 1114 443 1188 apud
466 1113 536 1171 illos
559 1114 770 1170 tantummodo
795 1115 937 1187 excerpta
961 1113 1111 1188 quaedam
1135 1112 1230 1170 videri
1254 1116 1384 1171 exstare.

317 1204 417 1279 Atque
441 1203 537 1277 primo
560 1202 628 1260 loco
652 1203 683 1259 in
706 1202 856 1260 anecdoto
873 1203 994 1260 Estensi
1018 1202 1152 1259 narratio
1169 1202 1206 1258 de
1223 1201 1336 1274 origine
1354 1202 1499 1258 carminis

211 1291 342 1350 bucolici
365 1292 530 1366 profertur,
557 1309 635 1365 quae
659 1309 727 1349 mea
749 1291 869 1366 quidem
894 1291 1045 1349 sententia
1067 1291 1160 1348 fluxit
1183 1308 1220 1348 ex
1236 1293 1337 1348 vetere
1353 1291 1499 1365 bonoque

211 1382 302 1438 fonte.
349 1377 479 1459 ἀγύρται
511 1381 589 1437 enim
620 1381 833 1438 describuntur
857 1381 961 1437 eodem
993 1381 1082 1438 modo
1112 1383 1141 1436 et
1173 1378 1286 1437 eisdem
1309 1380 1371 1437 fere
1395 1380 1498 1436 verbis

212 1473 304 1545 atque
320 1469 351 1526 in
366 1470 587 1543 prolegomenis
611 1471 649 1526 ab
671 1469 819 1526 Ahrensio
844 1472 875 1526 et
890 1469 1022 1542 Zieglero
1046 1468 1160 1543 publici
1176 1469 1251 1526 iuris
1265 1469 1366 1526 factis
1405 1468 1498 1526 Prae-

210 1563 295 1616 terea
318 1561 495 1632 argumento
526 1558 616 1615 nobis
648 1562 738 1625 sunt,
771 1576 850 1632 quae
882 1559 962 1632 apud
986 1559 1119 1615 Probum
1142 1557 1188 1625 ΙΙΙ,
1213 1559 1230 1615 2
1256 1575 1284 1632 p.
1306 1557 1370 1616 325
1396 1556 1498 1614 Thilo·

211 1648 317 1720 Hagen
348 1647 464 1722 scripta
495 1647 638 1719 legimus:
673 1648 733 1724 ,Ad
762 1648 828 1704 eius
860 1647 1079 1704 dedicationem
1110 1647 1229 1720 plurimi
1257 1649 1400 1721 pastores
1425 1664 1498 1704 con-

211 1736 367 1794 fluxerunt
382 1753 449 1793 curn
465 1737 584 1794 utribus
602 1737 673 1794 vino
689 1736 786 1810 plenis
803 1739 834 1793 et
849 1737 981 1810 panibus
1004 1737 1121 1810 figuras
1142 1737 1273 1793 ferarum
1289 1735 1338 1794 vel
1354 1753 1498 1810 pecorum

212 1825 412 1882 referentibus
428 1825 509 1899 iique
525 1825 731 1893 instituerunt,
745 1828 781 1882 ut
796 1825 826 1893 ii,
845 1825 896 1900 qui
913 1827 1126 1893 convenerant,
1143 1825 1249 1882 laudes
1266 1825 1348 1882 Deae
1365 1825 1497 1882 dicerent

212 1916 338 1980 certato,
364 1914 415 1988 qui
439 1932 492 1972 eas
516 1914 627 1971 rectius
651 1918 894 1989 prosequeretur,
921 1915 1135 1972 contenderent
1158 1915 1259 1971 autem
1283 1914 1314 1971 in
1338 1931 1376 1971 ea
1399 1913 1497 1971 forma

212 2003 320 2070 ornati,
346 2005 381 2060 ut
404 2020 518 2060 cornua
539 2003 633 2061 fronti
656 2004 802 2061 adiuncta
821 2003 925 2062 taenia
946 2003 1116 2076 obligarent
1132 2021 1199 2060 cum
1223 2005 1290 2060 utre
1314 2005 1344 2060 et
1359 2003 1496 2068 reticulo,

212 2109 273 2167 quo
297 2092 442 2166 panificia
465 2092 619 2159 haberent,
646 2095 684 2156 et,
711 2093 892 2168 quicumque
912 2092 1047 2159 vicisset,
1073 2092 1239 2166 praemium
1255 2092 1390 2158 haberet,
1417 2091 1497 2167 quod

211 2181 248 2248 is,
275 2181 328 2254 qui
350 2181 452 2238 victus
477 2185 550 2250 erat,
577 2182 774 2240 contulisset:
798 2182 1049 2257 permissumque,
1074 2185 1109 2239 ut
1123 2181 1193 2238 inde
1210 2181 1326 2239 exirent
1342 2182 1496 2255 atquibus

212 2272 429 2338 cantaverunt,
462 2270 569 2329 iisdem
600 2270 661 2329 illis
690 2271 796 2328 fausta
819 2269 1044 2328 ominarentur?
1090 2272 1190 2346 Atque
1215 2271 1306 2328 etiam
1330 2271 1496 2328 secundum

213 2377 266 2425 ea,
292 2376 371 2433 quae
402 2360 433 2416 in
464 2360 563 2434 priore
594 2360 685 2417 huius
718 2359 943 2418 dissertationis
975 2362 1061 2434 parte
1094 2360 1309 2435 exposuimus,
1343 2359 1496 2434 permagni

212 2450 320 2505 nostra
335 2448 464 2506 interest
480 2449 614 2507 eiusdem
630 2449 786 2506 doctrinae
802 2448 934 2523 vestigia
949 2448 1076 2507 inveniri
1093 2449 1175 2522 apud
1187 2448 1363 2506 Diomedem
1376 2465 1497 2523 quoque

212 2555 240 2612 p.
259 2537 343 2605 57‚1
368 2537 492 2596 Kaibel:
517 2541 594 2614 terat
616 2538 705 2612 panis
729 2555 857 2611 magnus
878 2537 1012 2601 omnium
1032 2538 1165 2595 ferarum
1180 2538 1311 2611 imagine
1329 2537 1496 2611 completus

212 2629 243 2683 et
274 2630 342 2683 uter
373 2645 440 2684 cum
472 2627 543 2684 vino
576 2629 606 2683 et
632 2626 715 2684 follis
740 2644 808 2684 cum
831 2627 965 2684 omnium
988 2626 1170 2700 leguminum
1193 2644 1315 2700 genere;
1347 2627 1446 2684 inerat
1468 2628 1497 2682 et

213 2731 327 2773 corona
350 2715 380 2772 in
404 2716 503 2789 capite
527 2716 610 2772 etin
633 2734 726 2773 manu
749 2716 859 2789 pedum
881 2715 1044 2773 clavatum.
1083 2719 1175 2791 atque
1199 2717 1244 2773 ita
1265 2716 1417 2773 victorum
1433 2732 1495 2772 om-

213 2805 296 2861 nium
325 2804 407 2862 fores
436 2804 598 2861 multitudo
631 2805 825 2872 circumibat,
857 2821 977 2861 carmen
1007 2805 1038 2861 iu
1069 2805 1244 2872 victoriam,
1278 2822 1371 2878 quam
1395 2803 1495 2879 adepti

211 2893 350 2961 fuerant,
383 2894 534 2951 canebant
564 2897 595 2951 et
625 2893 661 2950 de
686 2911 721 2951 ec
745 2892 818 2951 folle
842 2892 946 2950 limina
967 2893 1107 2967 frugibus
1131 2892 1335 2969 spargebant?
1384 2894 1444 2952 Sed
1466 2893 1495 2949 in

213 2983 266 3049 eiS,
294 2999 372 3056 quae
397 2985 550 3050 secuntur,
575 2985 644 3040 tota
663 2983 739 3040 haec
756 2983 946 3040 consuetudo
964 2984 1001 3040 ab
1019 2984 1160 3040 anecdoti
1177 2986 1302 3041 auctore
1318 2982 1495 3056 explicatur.

213 3071 333 3141 Qua‘in
356 3088 387 3127 re
412 3074 683 3128 commemorantur
708 3068 893 3141 διαλλακταί,
918 3072 970 3147 qui
992 3071 1154 3146 Syracusis
1179 3072 1261 3129 cives
1285 3073 1362 3128 inter
1386 3089 1420 3129 se
1437 3071 1495 3128 dis·

214 3159 348 3217 sidentes
380 3162 471 3234 atque
503 3160 713 3217 discordantes
740 3161 878 3218 feruntur
907 3161 1168 3218 reconciliavisse:
1200 3156 1251 3220 ἐπὶ
1286 3158 1395 3238 εἰρήνῃ
1428 3156 1495 3238 γάρ,

213 3245 260 3314 ὡς
283 3245 471 3327 ῥηθήσεται,
503 3246 630 3327 εὕρηται
660 3245 697 3308 τὰ
726 3247 908 3328 βουκολικά.
954 3247 975 3328 ἥ
998 3269 1029 3310 τε
1051 3248 1254 3328 πανσπερμία
1276 3245 1332 3328 τὴν
1355 3245 1422 3308 ἀπὸ
1444 3252 1496 3327 τῆς

213 3335 339 3415 εἰρήνης
370 3333 509 3396 ἐπίδοσιν
541 3335 574 3397 ἐν
604 3340 671 3404 ταῖς
700 3334 807 3397 πόλεσι
839 3335 936 3417 δηλοῖ.
983 3335 1136 3405 ὡςούτως
1166 3335 1200 3398 δὲ
1223 3334 1277 3398 καὶ
1300 3335 1319 3397 ὁ
1343 3336 1496 3417 στέφανος

212 3423 302 3504 νίκης
332 3446 363 3485 τε
394 3423 461 3505 ἅμα
492 3423 655 3505 σύμβολον
685 3423 739 3486 καὶ
770 3429 880 3505 χαρᾶς.
939 3427 1051 3486 Eodem
1083 3428 1173 3486 modo
1205 3428 1278 3485 dicit
1309 3430 1419 3485 auctor
1449 3427 1495 3485 illc

213 3515 404 3590 Byzantinus
428 3532 545 3588 panem,
571 3516 684 3593 vinum,
709 3513 852 3595 σπονδήν
875 3516 964 3589 signa
987 3535 1055 3574 esse
1070 3518 1164 3591 pacis.
1205 3517 1264 3574 Sed
1288 3517 1393 3584 ineis,
1420 3532 1495 3591 qnae

214 3607 374 3671 secuntur,
410 3604 677 3662 demonstrandum
701 3608 781 3671 erat,
816 3623 878 3679 qua
901 3606 1018 3662 ratione
1042 3606 1086 3673 ei,
1120 3607 1173 3680 qui
1201 3606 1335 3663 carmina
1357 3605 1496 3663 bucolica

214 3689 426 3768 cantabant,¹l
458 3693 653 3750 cohaererent
681 3711 749 3751 cum
780 3712 855 3769 pace
883 3694 936 3751 illa
967 3698 998 3751 et
1028 3712 1096 3752 cum
1127 3695 1213 3769 pacis
1242 3694 1494 3753 conciliatoribus

213 3781 278 3840 Hoc
301 3783 403 3839 autem
426 3781 471 3839 ita
492 3782 538 3850 fit,
564 3785 599 3839 ut
621 3783 755 3841 dicatur:
787 3777 834 3843 ὧν
858 3779 897 3861 δὴ
923 3779 1116 3844 διαλλακτῶν
1140 3780 1237 3844 τόπον
1260 3781 1385 3862 ἐπεῖχον
1409 3782 1440 3843 οἱ
1460 3778 1495 3841 τὰ

212 3866 387 3949 βουκολικά
419 3867 555 3948 ᾅδοντες.
602 3871 686 3940 Quae
717 3872 796 3930 ratio
825 3872 997 3946 explicandi
1021 3875 1068 3930 est
1092 3873 1255 3931 admodum
1277 3871 1379 3930 facilis
1406 3875 1494 3946 atque

213 3959 294 4017 vilis.
334 3958 394 4016 Sed
418 3960 476 4016 huc
500 3960 626 4028 accedit,
652 3961 732 4035 quod
757 3979 802 4029 ea,
829 3978 907 4035 quae
931 3963 1083 4030 secuntur,
1110 3963 1231 4019 omnino
1256 3979 1317 4020 non
1346 3961 1495 4036 quadrant

214 4047 253 4105 ad
283 4051 381 4105 totam
414 4048 647 4122 explicationem
678 4050 768 4106 modo
800 4049 958 4123 prolatam.
1004 4051 1081 4108 Nam
1105 4051 1170 4109 Pan
1194 4051 1337 4114 affertur,
1365 4068 1434 4108 cum
1457 4049 1495 4107 sit

213 4139 371 4211 pastorum
396 4137 480 4206 deus,
506 4137 537 4194 id
561 4138 642 4213 quod
666 4155 724 4196 suo
748 4139 811 4196 inre
836 4138 885 4195 ille
909 4139 990 4197 dicit.
1037 4141 1115 4197 Tota
1139 4142 1240 4197 autem
1264 4139 1322 4196 hac
1346 4139 1495 4248 particula

214 4225 365 4299 explicant
366 4245 402 4284 ur
424 4227 501 4284 haec
524 4229 618 4285 verba
635 4245 730 4302 supra
745 4226 857 4285 allata:
823 4226 1038 4306 αοτέφανόν
1061 4249 1093 4289 τε
1107 4227 1296 4307 περιέκειντο
1312 4248 1366 4287 και
1358 4225 1494 4306 κέρατα

217 4341 226 4360 ⁰
296 4362 424 4450 ²)Init't10
444 4362 527 4418 huius
546 4363 677 4449 apecdcti
697 4366 760 4434 part
762 4363 785 4416 is
805 4363 939 4432 scriptum
959 4365 1089 4432 legimus:
1110 4363 1152 4416 ὅτι
1169 4369 1223 4416 τῶι
1217 4384 1275 4417 τα
1264 4360 1430 4434 coaonae
1443 4382 1494 4432 ονγ-

212 4431 372 4504 γραψάντων
390 4430 498 4488 ιδια..
517 4432 574 4487 ,τὸ
592 4435 737 4500 μιμεῖσθαι
761 4429 795 4490 εἰς
819 4435 900 4505 α’ίκρον
918 4434 1086 4505 ἀγροίκων
1115 4433 1254 4503 ὁμιλίας
1277 4439 1333 4488 καὶ
1356 4437 1493 4503 νομέων,

213 4506 353 4574 χαριέντως
371 4503 450 4561 adedo
468 4503 612 4575 ἐκφράζων.
