3190 4944
640 231 862 289 ..79-

115 410 176 468 ullo
208 409 271 468 elio
302 409 380 478 loco,
415 413 564 484 quantum
586 409 685 477 video,
718 408 793 466 illud
824 406 913 486 ρονεῖ
932 367 1093 468 invenitur.
1138 409 1216 466 Nam
1248 409 1394 485 seriptum

115 500 242 574 legimus
274 499 358 575 apud
390 498 543 566 Orionem,
576 498 676 556 Procli
706 497 919 572 Neoplatonioi
950 500 1176 573 praeceptorem
1205 497 1292 566 325
1318 517 1342 558 s,
1365 515 1394 557 v.

113 585 273 668 βουκόλον
289 604 295 617 ·
312 586 381 666 ἤτοι
403 585 573 666 βουκόνον,
597 583 684 664 παρὰ
708 583 743 646 τὸ
767 590 872 647 κονεῖν
894 585 967 665 περὶ
988 583 1044 653 τὰς
1065 585 1154 665 βοῦς,
1176 590 1279 666 τροπῇ
1302 587 1394 648 τοῦκ

113 675 155 744 εἰς
177 676 202 747 λ,
227 674 274 744 ὡς
297 675 401 755 νίτρον
423 674 533 755 λίτρον.
580 676 693 735 Eadem
717 679 819 734 autem
841 678 936 734 verba
958 694 996 733 ex
1013 676 1119 733 Orione
1142 676 1258 733 hausta
1280 677 1394 752 scripta

112 767 250 826 videmus
285 766 316 824 in
350 765 560 841 Etymologico
595 765 736 824 Gudiano
772 782 796 824 s,
823 783 852 824 v.
883 761 1036 844 βουκόλοι
1070 765 1141 833 112,
1158 765 1200 823 30
1214 782 1289 840 sqq.‚
1316 784 1340 823 s.
1364 784 1394 844 v.

111 852 270 935 βουκόλος
292 855 369 913 haec
390 855 598 913 inveniuntur:
630 850 790 932 βουκόνος
811 874 855 921 τις
878 852 935 923 ὤν,
965 851 1052 932 παρὰ
1075 849 1111 913 τδ
1134 856 1238 913 κονεῖν
1262 852 1306 920 εἰς
1328 852 1394 932 ἔριν

111 942 165 1012 τὰς
188 943 268 1024 βοῦς
291 941 312 1004 ὅ
333 941 413 1004 ἐστιν
436 942 622 1022 ἐνεργεῖν
645 940 714 1002 καί
738 939 1007 1024 διατρίβειν.1)
1051 942 1156 1017 Neque
1179 961 1251 1001 vero
1275 943 1391 1010 dubito,

112 1035 185 1109 quin
205 1034 282 1092 haec
299 1050 420 1109 quoque
443 1035 546 1100 verba,
572 1049 651 1108 quae
675 1032 782 1089 mirum
806 1033 838 1089 in
861 1033 984 1090 modum
1007 1034 1178 1106 congruunt
1201 1048 1269 1089 oum
1292 1032 1393 1090 verbis

111 1123 142 1180 in
174 1122 325 1180 anecdoto
356 1123 418 1180 use.
449 1122 581 1188 traditis,
619 1122 658 1179 ad
682 1121 820 1179 Orionem
855 1121 918 1178 sint
951 1121 1118 1179 referenda.
1163 1120 1230 1178 Huc
1265 1121 1391 1188 accedit,

112 1211 194 1285 quod
218 1210 324 1269 eodem
347 1212 437 1269 modo
461 1228 523 1268 vox
537 1207 697 1290 βουκόλος
713 1210 869 1267 derivatur
891 1210 922 1267 in
938 1211 1034 1285 Etym.
1050 1210 1088 1270 M
1109 1209 1249 1277 208,11;
1272 1207 1392 1289 βουκό-

110 1297 187 1366 λος·
205 1297 273 1379 ἤτοι
295 1297 456 1378 βουκόνος
485 1320 529 1366 τις
561 1297 618 1369 ὤν,
649 1295 737 1378 παρὰ
767 1294 803 1358 τδ
833 1302 938 1359 κονεῖν
968 1296 1039 1378 περὶ
1069 1295 1124 1365 τὰς
1153 1297 1240 1378 βοῦς,
1265 1295 1285 1358 ὅ
1314 1296 1393 1360 ἐστιν

112 1386 280 1466 ἐνεργεῖν
302 1386 365 1448 καλ
389 1387 604 1468 διατρίβειν.
651 1389 734 1459 Quae
764 1389 860 1446 verba
890 1389 961 1446 item
986 1388 1088 1446 Orioni
1111 1388 1221 1446 tribuo.
1266 1388 1321 1446 His
1346 1391 1394 1446 tot

112 1478 216 1536 causis
241 1480 412 1536 commotus
436 1479 466 1536 in
491 1478 640 1536 anecdoto
663 1480 768 1538 κονεῖν
791 1494 845 1551 pro
870 1474 974 1554 ρονεῖν
990 1477 1181 1536 scribendum
1197 1495 1266 1534 esse
1282 1478 1392 1535 iudico.

111 1567 145 1624 In
164 1567 210 1624 eis
235 1569 347 1632 eutem,
373 1585 453 1642 quae
477 1570 629 1636 secuntur,
655 1568 687 1624 in
710 1567 860 1625 anecdoto
876 1567 939 1626 Est.
964 1567 1039 1624 haec
1062 1567 1267 1641 proferuntur:
1292 1564 1339 1632 ὡς
1363 1563 1392 1626 δ’

110 1653 210 1734 ἕτεροι
233 1653 362 1716 κάλλιον
390 1653 478 1734 παρὰ
501 1651 536 1716 τὸ
560 1653 708 1717 κέλευθοι
730 1654 831 1734 ἤγουν
860 1653 1065 1734 προςτάσσειν
1093 1658 1158 1721 τοῖς
1180 1652 1292 1734 βουσίν
1315 1655 1334 1734 ἢ
1357 1651 1393 1713 τὸ

111 1742 229 1805 κέλλειν
251 1745 272 1824 ἢ
295 1743 415 1824 τρέχειν
438 1741 495 1805 σὺν
517 1748 582 1811 τοῖς
603 1743 705 1824 βουσί,
733 1741 889 1823 βοῦκελος
915 1741 970 1804 καὶ
991 1741 1151 1824 βουκόλος
1173 1791 1179 1802 .
1202 1791 1208 1803 .
1231 1791 1236 1802 .
1259 1791 1265 1802 .
1290 1741 1335 1803 ὅτι
1360 1740 1394 1804 δέ

110 1831 164 1893 καί
187 1831 290 1894 κέλλω
312 1830 348 1894 τδ
371 1833 474 1912 τρέχω
498 1830 624 1911 λέγεται,
653 1830 673 1893 ὅ
694 1854 725 1893 τε
748 1832 842 1913 κέλης
866 1831 884 1893 δ
909 1831 1063 1913 δρομαῖος
1086 1829 1198 1899 ῑιτιτεῦς
1221 1830 1315 1913 δηλοῖ
1340 1830 1394 1893 καὶ

110 1918 145 1982 τὸ
169 1920 314 2001 νωχελές,
338 1919 404 1982 ἀττδ
427 1942 475 1982 νω
498 1924 680 2000 στερητικοῦ
703 1919 835 1982 καὶτοῦ
851 1920 953 1982 κέλλω
975 1920 1189 2001 συγκείμενον,
1212 1925 1315 2001 τροπῇ
1337 1924 1393 1982 τοῦ

110 2010 198 2078 κείς
221 2011 249 2084 χ.
294 2012 409 2070 Prioris
437 2011 636 2069 derivationis
665 2011 799 2085 vestigia
829 2014 953 2069 exstant
976 2012 1007 2068 in
1030 2012 1126 2086 Etym.
1151 2011 1188 2070 M.
1206 2012 1280 2080 208,
1295 2011 1349 2069 13:
1373 2011 1392 2090 ἢ

110 2097 204 2180 βουσί
226 2098 428 2179 κεκλόμενος,
445 2097 559 2160 δέστιν
575 2096 817 2178 ἐγκελευόμενος
841 2103 872 2157 et
893 2101 925 2160 in
940 2101 1037 2175 Etym.
1054 2101 1130 2158 Gud.
1147 2119 1171 2159 s.
1188 2119 1216 2158 v.
1232 2097 1392 2180 βουκόλος

114 2190 185 2258 112,
199 2190 254 2249 50:
285 2189 305 2268 ἢ
329 2186 423 2268 βουσὶ
446 2186 647 2266 κεκλόμενος,
676 2185 696 2247 δ’
718 2186 798 2248 εἀτιν
821 2186 1065 2268 ἐγκελευόμενος
1096 2184 1184 2267 παρὰ
1215 2186 1251 2249 τδ
1281 2187 1393 2259 κέλλω,

110 2276 269 2358 κέλλομαι.
315 2280 478 2337 Praeterea
500 2279 558 2335 hoo
581 2278 648 2335 loco
673 2278 936 2336 commemoranda
968 2281 1041 2336 sunt
1064 2296 1101 2335 ee
1124 2279 1226 2346 verba,
1260 2296 1338 2353 quae
1362 2280 1393 2335 in

110 2368 207 2443 Etym.
230 2368 268 2426 M.
286 2367 392 2435 5025
418 2386 441 2426 e.
458 2386 486 2426 v.
510 2364 613 2428 κέλεαι
637 2367 752 2442 scripta
774 2370 909 2425 exstant:
938 2364 1023 2427 κέλω
1048 2365 1191 2446 σημαίνει
1213 2363 1253 2427 τδ
1276 2388 1392 2446 προς-

110 2455 289 2526 τάσσειν,
320 2454 356 2516 ἐκ
388 2459 443 2517 τοῦ
471 2454 602 2526 κελεύω,
633 2452 713 2516 κατὰ
745 2452 910 2535 αυγκοιτὴν
938 2459 994 2535 τῆς
1016 2451 1051 2516 εὗ
1075 2452 1265 2535 διφδόγγου.
1310 2457 1393 2514 Haec

111 2562 235 2621 quoque
257 2547 351 2604 verba
373 2545 507 2605 fortasse
532 2546 633 2603 Orioni
661 2547 735 2603 sunt
758 2545 954 2619 assignanda,
988 2546 1167 2620 praesertim
1198 2562 1266 2603 oum
1297 2546 1394 2603 altera

111 2635 261 2693 derivatio
292 2634 375 2693 illius
406 2635 504 2692 lexico
537 2636 755 2710 comprobetur.
780 2635 817 2693 cf.
842 2634 893 2703 83,
908 2635 946 2693 17
972 2652 995 2692 e.
1012 2653 1040 2692 v.
1064 2631 1156 2700 κέλος
1172 2630 1214 2693 ’δ
1239 2631 1393 2712 δρομικδς

110 2718 248 2804 ἴττττοςέ)
278 2721 377 2785 κέλειν
408 2721 469 2803 γὰρ
500 2720 535 2783 τδ
565 2723 684 2803 τρέχειν
709 2771 715 2784 .
738 2720 792 2784 καὶ
823 2722 843 2803 ἡ
875 2721 1029 2790 κέλευδος
1060 2720 1095 2784 δέ
1124 2719 1211 2800 παρὰ
1242 2726 1334 2782 τοῦτο
1363 2727 1393 2780 et

113 2813 185 2880 109,
198 2811 230 2870 2:
254 2810 372 2894 κέλλειν
388 2811 423 2874 δέ
438 2809 473 2872 τδ
489 2811 611 2891 ταχέως
626 2812 744 2892 τρέχειν
761 2830 766 2842 ·
785 2811 842 2892 ἀφ’
859 2807 898 2873 οῦ
914 2810 968 2873 καὶ
983 2810 1080 2882 κέλες,
1105 2807 1260 2891 δρομικός
1275 2809 1392 2878 πῶλος.

109 2901 232 2958 Minime
263 2902 482 2975 neglegendum
513 2903 614 2960 estin
638 2903 734 2977 Etym.
758 2903 795 2960 M.
820 2921 843 2961 s.
860 2923 889 2961 v.
912 2900 1062 2981 κελητίζει
1086 2901 1210 2967 502,41
1239 2902 1392 2976 expressis

109 2989 212 3048 verbis
237 2990 376 3048 Orionem
406 2993 567 3050 nominari:
600 2988 618 3051 δ
643 2988 677 3051 δὲ
699 2986 815 3069 Ὠρίων
837 2989 926 3070 λέγει,
958 2989 1005 3052 ὅτι
1035 2987 1131 3070 κέλης
1160 2987 1278 3068 λέγεται
1304 2986 1392 3067 παρὰ

108 3075 145 3138 τδ
168 3075 296 3148 κέλλειν,
320 3075 340 3138 ὅ
362 3077 504 3157 σημαίνει
527 3076 562 3140 τὸ
585 3077 723 3158 βαδίζειν
746 3077 800 3140 καὶ
822 3079 948 3158 τρέχειν.
994 3082 1094 3156 Atque
1119 3080 1255 3137 Zonaras
1286 3096 1392 3153 perso-

109 3171 203 3226 natus
228 3168 258 3224 in
281 3168 378 3226 lexico
402 3187 430 3242 p.
450 3168 533 3226 1185
558 3170 634 3226 haee
657 3171 793 3242 praebet:
826 3166 844 3228 ὁ
869 3166 903 3229 δὲ
922 3164 1040 3247 Ὠρίων
1062 3166 1141 3247 λέγει
1169 3165 1216 3228 δτι
1246 3164 1333 3247 παρὰ
1356 3164 1392 3228 τὸ

109 3253 238 3326 κέλλειν,
268 3253 304 3315 τδ
332 3255 458 3336 τρέχειν.
505 3257 622 3327 Quibus
653 3257 727 3314 locis
760 3258 863 3316 allatis
894 3258 969 3315 haeo
998 3276 1120 3333 quoque
1153 3260 1246 3316 verba
1277 3259 1392 3333 optimo

108 3346 175 3402 iure
199 3346 239 3402 ad
256 3346 394 3404 Orionem
417 3347 519 3404 referri
535 3364 628 3421 posse
651 3346 751 3404 iudico
775 3347 806 3402 in
822 3348 919 3422 Etym.
936 3347 973 3404 M.
992 3366 1015 3406 ε.
1032 3366 1060 3405 v.
1079 3344 1238 3427 βουκόλος
1254 3347 1392 3414 208,11;

110 3431 199 3513 παρὰ
222 3431 258 3494 τδ
282 3432 395 3505 κέλλω,
419 3434 437 3495 δ
461 3432 605 3514 σημαίνει
628 3432 646 3494 ὁ
671 3433 737 3514 ἅμα
760 3438 825 3510 τοῖς
847 3432 940 3515 βουσὶ
963 3432 1084 3496 κέλλων
1108 3442 1139 3493 et
1158 3454 1181 3494 s.
1198 3455 1227 3494 v.
1250 3433 1393 3515 νωχελής

110 3522 158 3600 (de
183 3542 245 3599 qua
268 3525 347 3581 inira
370 3522 607 3599 disputabimus>
624 3524 697 3592 608,
708 3524 763 3581 33:
787 3522 904 3584 κέλλειν
929 3521 965 3584 δέ
987 3523 1048 3584 ἐστι
1063 3521 1098 3584 τὸ
1114 3523 1235 3604 ταχέως
1250 3523 1391 3604 τρέχειν·

110 3609 189 3673 όδεν
217 3611 271 3672 καὶ
293 3610 395 3692 κέλης,
428 3611 446 3672 ὁ
468 3610 612 3692 μονόζυξ
640 3611 735 3679 ἴιτττος
762 3610 816 3672 καλ
845 3610 1007 3691 δρομικός.
1032 3614 1068 3674 cf.
1092 3614 1189 3687 Etym.
1214 3614 1290 3671 Gud.
1315 3633 1338 3672 s.
1363 3633 1390 3672 v.

109 3699 263 3781 βουκόλοι
286 3721 314 3776 p.
334 3701 472 3768 112‚37:
499 3702 520 3781 ἢ
544 3698 631 3779 παρὰ
661 3698 696 3760 τδ
727 3698 839 3772 κέλλω,
873 3701 891 3761 δ
915 3701 1058 3781 σημαίνει
1088 3700 1122 3762 τὸ
1153 3700 1340 3782 πορεύομαι,
1373 3700 1392 3763 ὁ

111 3789 179 3870 ἅμα
202 3795 266 3857 τοῖς
288 3787 382 3870 βουσὶ
405 3787 535 3850 κέλλων.
582 3791 712 3848 Maxime
735 3794 836 3848 autem
862 3794 969 3849 nostra
992 3792 1120 3849 interest
1150 3792 1230 3866 apud
1254 3792 1391 3849 Orionem

111 3897 234 3955 quoque
258 3879 452 3953 comparandi
475 3897 572 3937 causa
595 3880 697 3937 afferri
717 3897 823 3938 vocem
847 3878 989 3959 νωχελής
1008 3881 1121 3947 109,1;
1145 3877 1180 3939 τὸ
1204 3902 1224 3959 χ
1247 3878 1313 3940 ἀντὶ
1335 3884 1391 3940 τοῦ

110 3966 139 4037 κ,
163 3965 307 4047 νωκελής
329 3988 373 4033 τις
396 3966 452 4037 ὤν,
477 3964 556 4047 ὁμὴ
573 3966 702 4028 κέλλων.
740 3966 858 4029 κέλλειν
875 3967 960 4029 δὲτὸ
975 3968 1098 4047 ταχέως
1120 3968 1260 4048 τρέχειν·
1278 3968 1334 4048 ἀφ’
1352 3964 1391 4029 οῦ

110 4054 164 4115 καὶ
179 4054 275 4126 κέλες,
293 4053 446 4135 δρομικὸς
461 4053 578 4123 πῶλος.
610 4057 727 4115 Similia
742 4058 937 4116 inveniuntur
951 4059 982 4115 in
997 4059 1093 4132 Etym.
1110 4058 1148 4115 M.
1165 4077 1189 4116 s,
1206 4077 1234 4116 v.
1251 4055 1392 4138 νωχελής

112 4145 184 4211 608,
199 4146 253 4203 31:
275 4141 314 4206 ‘O
336 4142 468 4224 νωῦρδς
491 4143 545 4205 καὶ
568 4143 707 4225 ἀσθενὴς
733 4144 787 4206 καλ
820 4144 1014 4226 δυσκίνητος,
1047 4144 1126 4207 κατὰ
1149 4144 1269 4226 τροπὴν
1292 4150 1347 4207 τοῦ
1371 4147 1391 4206 κ

109 4232 153 4300 εἰς
175 4233 204 4312 χ,
228 4232 370 4314 νωκελής
399 4255 444 4301 τις
468 4233 524 4304 ὤν,
556 4233 575 4294 δ
599 4233 806 4314 ἐστερημένος
837 4240 891 4296 τοῦ
915 4234 1034 4297 κέλλειν
1051 4253 1056 4265 ·
1073 4233 1191 4296 κέλλειν
1215 4233 1250 4296 δέ
1273 4234 1334 4296 ε’στι
1357 4234 1391 4296 τδ

218 4370 236 4438 ¹)
257 4372 293 4425 cf.
313 4372 443 4426 Orionem
462 4388 485 4426 S.
499 4388 525 4425 v.
549 4370 645 4427 Γοννός
663 4371 747 4436 3811
768 4366 825 4424 οἷον
841 4371 943 4425 κῦνστα
962 4372 1015 4426 ἀπὸ
1034 4380 1081 4426 τοῦ
1102 4373 1187 4425 κονεῖν
1206 4377 1252 4424 καὶ
1273 4370 1391 4442 ἐνεργεῖν.

216 4442 235 4511 ⁹)
256 4443 387 4498 Ceterum
406 4460 508 4499 censeo
528 4443 558 4497 in
581 4443 721 4498 anecdoto
740 4460 791 4514 pro
810 4444 857 4499 illo
877 4439 976 4507 ἱππεύς,
1001 4446 1076 4517 quod
1094 4446 1162 4499 liber
1185 4447 1392 4516 manuscriptus

108 4515 232 4584 praebet,
254 4515 432 4570 scribendum
452 4531 514 4570 esse
531 4511 621 4571 ῦιποτ.
