3190 4944
738 241 960 300 -88-

207 419 363 490 praestare
387 417 506 473 videtur
531 417 675 485 officium,
709 435 801 493 quam
828 418 925 476 fuisse
949 419 1086 477 Nestoris
1110 418 1253 474 virtutem
1278 419 1350 475 dicit
1373 418 1487 476 Ι.1.1.;

208 523 261 581 ι111
285 523 336 563 011
351 505 490 563 Nestoris
514 506 592 563 dixit
615 506 777 564 dulciorem
801 507 888 564 melle
904 507 1054 582 profluere
1071 523 1247 573 sermonem,
1274 525 1336 581 quc
1356 507 1487 566 delecta-

207 595 289 651 tione
313 593 387 651 nihil
409 595 482 668 liugi
507 595 607 653 maius
631 595 753 670 potest?
802 597 896 654 Varro
928 597 1054 653 mixtum
1086 596 1334 671 moderatumque
1367 597 1487 654 Nestori

208 683 354 741 attribuit.
401 683 480 740 Idem
511 684 585 742 fecit
614 685 796 742 Plutarchus
827 689 1020 760 personatus,
1054 686 1106 760 qui
1138 685 1221 743 dicit:
1252 682 1307 744 τὸν
1337 682 1397 763 μὲν
1428 683 1488 764 γάρ

207 768 354 851 Νέστορα
385 768 464 851 ῆδὺν
495 771 548 832 καὶ
578 777 724 853 προσηνῆ
757 778 821 840 τοῖς
858 772 1031 834 ἀκούουσιν
1062 772 1182 852 εἰσάγει.
1241 774 1349 832 Totam
1385 778 1488 832 autem

207 861 285 918 hanc
309 862 477 918 doctrinam
494 879 562 920 esse
580 863 713 921 Stoicam
729 863 806 920 vidit
820 863 997 922 Lehuertius
1021 862 1039 920 l.
1057 882 1081 921 1.
1099 882 1122 922 s.
1138 881 1165 937 p.
1186 863 1245 921 101
1265 861 1360 939 sqq.¹)
1392 865 1488 920 Simili

206 951 323 1009 ratione
347 951 480 1008 iudicare
512 952 632 1009 videtur
656 953 841 1010 Schraderus
865 953 883 1010 l.
900 972 923 1011 s.
941 971 964 1010 1.
989 971 1016 1028 p.
1035 953 1097 1011 558
1116 971 1160 1027 sq.
1184 957 1215 1009 et
1238 971 1265 1027 p.
1284 953 1347 1010 575
1372 952 1441 1010 adu.
1463 955 1487 1010 1.

206 1039 239 1096 In
262 1040 306 1098 eis
330 1043 441 1106 autem,
468 1058 546 1115 quae
564 1058 657 1115 supra
673 1043 811 1117 exposui,
836 1042 1095 1100 demonstravisse
1111 1042 1182 1098 mihi
1199 1042 1305 1099 videor
1320 1043 1487 1099 secundum

207 1129 377 1187 Stoicorum
406 1129 574 1187 doctrinam
609 1133 674 1187 1111
710 1131 868 1188 cohaerere
902 1131 963 1188 tria
995 1130 1049 1188 illa
1080 1131 1197 1186 dicendi
1232 1147 1343 1202 genera
1379 1127 1487 1208 ἁδρός,

206 1215 322 1296 ἰσχνός,
354 1216 452 1296 μέσος
483 1236 550 1276 cum
582 1222 649 1276 tota
678 1218 866 1292 singulorum
890 1220 1045 1277 hominum
1068 1219 1185 1277 ratione
1210 1219 1336 1279 dicendi.
1383 1219 1488 1294 Neque

205 1325 277 1364 vero
313 1313 361 1364 est
396 1307 604 1366 dubitandum.
642 1309 713 1382 quin
748 1309 808 1365 tria
843 1308 1023 1366 elocutionis
1059 1325 1168 1380 genera
1200 1308 1295 1364 Stoici
1330 1308 1489 1366 debuerint

206 1395 425 1471 Peripateticis,

315 1485 432 1553 Restat,
467 1489 500 1542 ut
531 1487 567 1543 de
598 1486 741 1543 Demetrii
767 1483 838 1564 περὶ
872 1485 1040 1565 ἑρμηνείας
1071 1485 1172 1543 libello
1204 1503 1304 1562 pauca
1319 1487 1488 1560 proferam.

206 1572 345 1648 Plerique
368 1574 425 1632 viri
450 1574 530 1632 docti
554 1592 657 1632 eorum
682 1577 863 1633 sententiam
892 1577 1087 1651 comprobare
1110 1575 1259 1643 videntur,
1287 1576 1339 1650 qui
1363 1576 1487 1634 demon·

207 1664 347 1720 straboni
370 1680 438 1719 eum
462 1665 517 1720 aut
548 1665 643 1738 primo
668 1682 695 1738 p.
720 1664 784 1722 0111.
809 1683 837 1722 1.
862 1665 987 1721 saeculo
1012 1667 1140 1722 exeunte
1164 1667 1219 1722 aut
1243 1664 1338 1722 altero
1364 1666 1487 1722 ineunte

205 1769 274 1808 esse
299 1752 476 1809 coniectum.
519 1753 570 1810 Ille
595 1750 614 1831 ξ
641 1754 681 1811 36
707 1756 853 1829 quattuor
874 1757 1077 1832 χαρακτῆρας
1101 1757 1331 1811 commemorat:
1356 1749 1429 1813 Εἰσὶ
1454 1750 1487 1812 δὲ

204 1838 344 1919 τέτταρες
367 1839 398 1900 οἱ
420 1838 517 1900 ἁπλοῖ
531 1845 735 1921 χαρακτῆρες,
752 1840 867 1921 ι’σχνάς,
884 1840 1127 1921 μεγαλοπρεπής
1145 1887 1150 1911 ,
1169 1839 1332 1920 γλαφυρός
1350 1886 1355 1910 ,
1376 1839 1484 1907 δεινός.

206 1929 286 1986 Dicit
309 1932 411 1987 autem
436 1930 606 1988 Schmidius
631 1931 703 1988 illud
728 1928 890 2010 γλαφυρός
913 1932 993 1989 idem
1015 1933 1117 1989 valere
1141 1929 1407 2009 11111ἀν19ῆρός.
1441 1932 1485 1987 Ad

206 2020 284 2076 hanc
316 2019 496 2076 sententiam
525 2021 779 2093 comprobandam
805 2021 896 2079 affert
918 2021 1058 2095 Dionysii
1081 2020 1177 2078 Halic.
1202 2021 1240 2078 de
1265 2021 1485 2095 compositione

207 2108 365 2165 verborum
394 2107 443 2165 lib.
469 2126 492 2165 c.
518 2109 568 2174 23,
602 2109 654 2167 ubi
686 2110 761 2166 haec
792 2111 886 2168 verba
916 2111 1128 2167 inveniuntur:
1160 2107 1179 2187 ῆ
1205 2106 1240 2168 δὲ
1263 2105 1412 2187 γλαφυρὰ
1435 2106 1486 2168 καὶ

204 2192 334 2274 ἀνθηρὰ
365 2194 519 2266 σύνθεσις,
551 2197 590 2276 ἣν
622 2194 770 2276 δευτέραν
801 2197 923 2278 ἐθέμην
952 2201 990 2277 τῇ
1019 2195 1111 2267 τάξει,
1147 2201 1331 2276 χαρακτῆρα
1365 2195 1485 2257 τοιόνδε

206 2284 277 2364 ἔχει,
324 2286 379 2355 Qui
412 2286 498 2343 loeus
530 2287 649 2343 minime
682 2289 814 2361 quadrat
849 2289 887 2344 ad
922 2287 1104 2344 elocutionis
1139 2305 1249 2360 genera
1284 2287 1484 2344 inlustranda

205 2374 282 2432 Nam
314 2374 370 2432 hoc
401 2375 468 2432 1010
496 2375 532 2432 de
557 2376 785 2449 compositione,
812 2394 872 2434 non
897 2377 932 2434 de
957 2376 1074 2433 dicendi
1098 2376 1256 2450 generibus
1280 2377 1375 2433 verba
1398 2377 1483 2433 111111.

206 2462 351 2522 00111111
384 2464 481 2532 velim,
516 2482 594 2539 quae
622 2465 679 2521 hac
702 2465 738 2523 de
763 2484 793 2524 rc
818 2466 891 2523 dicit
913 2465 1036 2523 Rabeus
1061 2466 1078 2523 l.
1104 2484 1127 2524 s.
1153 2483 1176 2522 s.
1201 2484 1228 2540 p.
1257 2465 1295 2522 10
1320 2465 1388 2522 adn.
1417 2465 1430 2522 l
1457 2468 1486 2521 et

206 2572 234 2628 p.
262 2554 301 2611 12
333 2553 401 2610 adn.
429 2554 462 2610 l:
499 2553 636 2628 ‘Operam
672 2555 809 2629 perdunt,
847 2555 899 2630 qui
934 2557 1043 2629 putent
1078 2555 1199 2626 singula
1229 2550 1345 2623 λέξεως
1376 2571 1485 2628 genera

206 2643 387 2718 respondere
419 2643 579 2716 generibus
613 2639 768 2721 ἁρμονίας
869 2645 976 2702 obstat
1006 2644 1097 2700 etiam
1125 2643 1297 2701 differentia
1320 2642 1351 2699 11
1375 2645 1485 2699 natura

205 2733 325 2804 posita:
350 2749 428 2805 quae
452 2728 608 2809 ἁρμονίας
630 2735 815 2810 χαρακτῆρα
847 2732 995 2798 efficiunt,
1029 2736 1093 2790 arte
1118 2735 1192 2790 sunt
1215 2732 1381 2799 elaborata,
1408 2749 1483 2806 quae

203 2817 330 2890 λέξεως,
363 2838 400 2876 11
431 2820 460 2876 11
489 2821 650 2878 verborum
674 2824 785 2878 natura
810 2823 840 2877 et
862 2822 893 2879 vi
917 2825 1087 2880 versantur.
1114 2839 1175 2880 nou
1199 2822 1304 2896 utique
1328 2838 1365 2878 ex
1389 2821 1484 2878 forma

206 2909 361 2975 exteriore,
388 2909 469 2984 quod
492 2909 530 2966 fit
552 2910 582 2966 in
607 2911 838 2985 compositione,
865 2910 917 2968 sed
943 2928 980 2966 ex
1005 2911 1227 2984 significatione
1252 2913 1282 2967 11
1304 2927 1398 2967 sensu
1418 2927 1483 2967 ver-

205 2999 312 3056 borum
337 2998 614 3073 sententiarumque
639 2999 791 3056 eveniunt.
826 2999 987 3066 Demetrio,
1006 3000 1058 3074 qui
1075 3000 1302 3074 responsionem
1319 2999 1482 3073 quaesivit.

206 3103 298 3161 quam
322 3104 383 3142 nou
407 3088 589 3145 successerit
611 3105 668 3154 res,
694 3088 773 3144 11111
796 3087 985 3146 videbimus?
1020 3088 1108 3163 Apud
1131 3089 1319 3163 Byzantinos
1343 3090 1483 3145 auctores

205 3171 370 3253 γλαφυράν
394 3175 472 3232 idem
496 3175 632 3234 valuisse
656 3178 749 3252 atque
773 3173 918 3255 ἀνθηρόν
942 3177 1089 3234 concludo
1114 3194 1151 3235 ex
1170 3178 1254 3235 hisce
1270 3176 1380 3240 verbis,
1408 3193 1483 3250 quae

206 3265 403 3322 inveniuntur
425 3265 455 3321 in
480 3264 634 3322 Eustathii
657 3265 790 3340 epistula
814 3267 851 3322 ad
876 3266 1057 3340 Dionysium
1080 3266 1224 3339 Perieget.
1249 3284 1276 3341 p.
1294 3265 1344 3332 79,
1364 3265 1402 3323 15
1421 3283 1482 3339 sqq.

206 3353 397 3428 Bernhardy:
415 3348 500 3412 Ἔστι
524 3350 558 3412 δὲ
582 3351 600 3412 ὁ
624 3350 788 3420 Διονύσιος
810 3349 902 3422 οὗτος
925 3351 1004 3414 κατὰ
1027 3352 1083 3434 τὴν
1105 3357 1169 3414 τῶν
1183 3351 1327 3413 παλαιῶν
1343 3351 1484 3432 θεωρίαν

205 3445 292 3509 τοῖς
314 3438 527 3520 πλάσμασι
551 3439 786 3523 γλαφυρός,
814 3442 1089 3522 μεταδιώκων
1112 3441 1155 3503 τὸ
1179 3439 1410 3522 ἀνθηρόν,’1
1436 3440 1482 3502 οἷά

123 3538 126 3543 ’
204 3552 249 3597 τις
288 3527 428 3609 γραφεὺς
466 3529 598 3608 ἄριστος,
629 3529 682 3591 καὶ
713 3529 944 3612 ἀναλεγόμενος
975 3531 1041 3592 ἀντὶ
1070 3530 1130 3612 μὲν
1165 3529 1368 3610 συμμετρίας,
1400 3531 1482 3610 φασί,

206 3624 363 3699 γραφικῆς
385 3617 421 3679 τὰ
445 3622 509 3679 τῶν
533 3617 702 3698 ὀνομάτων
725 3618 897 3682 εὐσύνθετα
915 3639 921 3652 ·
938 3620 1004 3681 ἀντὶ
1020 3619 1055 3681 δὲ
1070 3619 1256 3700 χρωμάτων
1270 3618 1326 3686 τὰς
1342 3617 1482 3699 ἀνθηρο-

204 3708 296 3788 τέρας
319 3711 383 3768 τῶν
407 3706 532 3779 λέξεων.
580 3710 663 3779 Quae
695 3712 848 3768 sententia
879 3711 1050 3769 confirmari
1078 3711 1150 3768 mihi
1172 3711 1293 3769 videtur
1316 3710 1360 3766 eis
1384 3710 1482 3766 verbis

206 3799 340 3857 auctoris
366 3799 535 3872 Byzantiui,
570 3816 648 3872 quae
681 3800 796 3875 scripta
825 3803 949 3858 exstant
971 3801 1001 3857 in
1026 3798 1156 3856 Grameri
1180 3798 1345 3856 Anecdotis
1363 3798 1482 3856 Graecis

205 3887 300 3945 Oxou.
324 3888 383 3945 vol.
400 3886 441 3943 III
463 3906 490 3962 p.
511 3887 582 3954 158,
597 3887 639 3943 24
663 3885 830 3963 (ἐπιστολαὶ
861 3886 1079 3966 ἀνεπιγράφου
1113 3884 1197 3954 τινὸς
1228 3885 1418 3966 σοφωτάτου
1448 3883 1481 3945 τὰ

203 3973 350 4054 μάλισταε
382 3976 418 4034 01.
451 3975 580 4033 01111111
611 3978 759 4034 monitum
791 3977 897 4034 lectori
926 3996 954 4052 p.
980 3975 1027 4052 lli:
1060 3975 1262 4055 φαντάζομαί
1287 3997 1330 4046 σε,
1353 3974 1408 4036 καὶ
1430 3973 1481 4036 τὸν

313 4166 331 4230 11
352 4163 388 4219 01.
409 4165 563 4220 Strillerum
582 4166 669 4220 111.
690 4183 716 4236 p.
732 4166 762 4219 ll
783 4165 886 4220 11112.

314 4237 335 4305 Ω1
355 4236 391 4291 01.
410 4236 560 4292 Ruehlium
586 4239 615 4291 iu
640 4254 711 4292 mus.
733 4237 822 4291 Rhen.
849 4239 905 4292 vol.
924 4237 1014 4291 XXIX
1033 4236 1121 4305 (1874)
1141 4253 1169 4307 p.
1187 4236 1290 4301 8220:
1309 4233 1440 4305 yicpvpdr
1457 4232 1482 4288 δὲ

204 4307 243 4358 ὢν
266 4307 310 4375 lde
336 4308 473 4380 Dionysio
499 4309 605 4378 Perieg.
634 4310 721 4362 verba
743 4308 826 4377 liunt)
850 4315 887 4376 τῷ
910 4305 1047 4375 πλάσματι
1069 4312 1123 4360 τῶν
1146 4307 1302 4374 ποιημάτων
1326 4308 1371 4374 οὐχ
1392 4306 1481 4373 ἥκιστα

204 4374 361 4446 μεταδιώκει
378 4378 409 4432 τὸ
435 4378 562 4451 ἀνθηράν.
601 4380 637 4434 ci.
657 4381 744 4433 etiam
769 4381 855 4434 schol.
875 4381 910 4434 ad
930 4381 1008 4435 lliad.
1033 4379 1137 4433 r213:
1156 4381 1331 4451 παρατρέχων
1347 4377 1382 4431 τὰ
1400 4376 1481 4432 πολλὰ

203 4448 301 4503 καὶτὰ
319 4452 410 4521 καίρια
428 4449 511 4518 μόνον
528 4449 628 4522 λέγων·
643 4447 671 4502 οἱ
685 4448 736 4520 γὰρ
754 4453 816 4513 νέοι,
836 4449 1001 4521 ἀπειρότεροι
1018 4457 1066 4503 τοῦ
1084 4448 1118 4502 τὰ
1135 4448 1244 4503 πλείονα
1262 4454 1308 4503 καὶ
1320 4453 1481 4521 συμφέροντα

204 4519 288 4592 λέγειν
306 4524 383 4586 ὄντες,
402 4521 439 4575 τὸ
458 4521 612 4594 ἀνθηρὸν
629 4520 736 4590 μόνον
753 4526 809 4574 καὶ
829 4523 947 4592 χαρίεν
965 4519 1154 4577 διώκουσιν.
