3190 4944
740 273 962 330 ..42-

208 447 357 530 παρῳδία
380 452 438 509 hoo
461 452 550 510 modo
579 453 618 508 ab
641 451 828 526 Hermogene
852 450 1036 526 explicatur:
1066 447 1104 510 τὰ
1134 447 1194 530 μὲν
1224 447 1304 510 κατὰ
1326 448 1498 529 παρῳδίαν

209 538 312 606 οὕτως
336 539 406 619 ἔχει,

471 625 566 709 δλᾷς,·
598 624 728 695 Θέωλος
749 624 806 708 τὴν
828 625 972 707 κεφαλὴν
994 626 1133 694 κόλακος
1156 627 1226 708 ἔχει,

207 715 316 779 δέλων
339 715 400 797 γὰρ
424 717 519 778 εἰπεῖν
540 715 597 796 τὴν
620 714 764 797 κεφαλὴν
786 715 927 796 κόρακος
950 716 1013 796 ἔχει
1035 714 1086 777 διὰ
1102 715 1136 778 τὸ
1151 713 1287 796 τραυλὸς
1302 713 1379 778 εἶναι
1395 713 1497 796 δῆθεν

208 805 362 887 ἁμαρτὼν
384 811 421 886 τῇ
445 811 540 886 φωνῇ
570 803 801 886 διεκωμηίδησε
831 803 885 866 τὸν
912 803 1039 885 τρόπον.
1085 807 1129 864 Ex
1152 807 1365 865 Demosthenis
1390 811 1493 864 autem

207 892 280 974 περὶ
311 895 468 975 στεφάνου
500 896 637 955 oratione
667 895 719 954 ille
749 897 807 954 hoo
838 897 929 954 aiiert
961 896 1146 971 exemplum:
1179 899 1217 975 τῇ
1251 893 1311 975 μέν
1344 893 1497 975 παρῳδίᾳ

209 983 320 1055 οὕτως,
343 982 397 1046 τὸν
419 983 479 1064 μὲν
501 983 620 1064 πατέρα
644 982 710 1045 ἀντὶ
728 980 893 1064 Τρόμητος
908 983 1053 1063 ἐποίησεν
1061 981 1262 1064 Ἀτρόμητον.
1302 985 1375 1055 Quis
1393 988 1494 1043 autem

209 1078 264 1142 est,
291 1075 364 1151 quin
386 1074 550 1148 intellegat
566 1075 624 1132 hoc
648 1075 715 1132 loco
739 1074 818 1132 idem
841 1091 898 1132 nos
922 1074 1032 1132 habere
1062 1077 1154 1148 atque
1185 1071 1397 1152 παρωνυμίαν
1429 1075 1495 1132 sive

208 1164 511 1222 adnominationem?
556 1162 600 1220 De
623 1163 676 1221 illo
699 1160 787 1242 παρὰ
809 1161 1006 1242 προσδοκίαν
1029 1163 1071 1220 nil
1094 1166 1150 1231 est,
1176 1163 1257 1237 quod
1279 1163 1400 1221 addam.
1451 1163 1496 1220 De

207 1253 300 1311 tertia
328 1255 431 1310 autem
462 1252 567 1328 specie
586 1252 790 1326 Hermogenes
821 1253 896 1311 haee
927 1252 1015 1311 dicit:
1045 1248 1081 1312 τδ
1113 1249 1148 1312 δὲ
1164 1249 1326 1318 ’ἐναντίως
1355 1249 1498 1330 χρῆσθαι

207 1345 273 1408 ταῖς
296 1339 393 1402 εἰκόσι
416 1337 498 1419 πρδς
520 1338 557 1400 τὰ
579 1337 701 1421 μεγέόη
724 1343 789 1400 τῶν
811 1339 1009 1420 πραγμάτων
1033 1339 1117 1401 οὕτω
1142 1339 1262 1420 γίνεται,
1287 1337 1342 1401 ἑὰν
1363 1338 1498 1420 μεγάλῳ

206 1426 324 1509 μικρὸν
355 1428 575 1508 ἀντιτιδῶμεν,
606 1428 660 1490 καὶ
680 1433 790 1509 μικρῷ
812 1429 903 1510 μέγα,
935 1428 1003 1491 οἷον
1026 1428 1219 1509 ἐμαχέσαντο
1243 1429 1275 1490 οῖ
1297 1427 1427 1508 ὄρτυγες
1450 1427 1498 1496 ὡς

209 1516 291 1585 Αἴας
313 1517 367 1578 καί
384 1515 520 1598 Ἕκτωρ,
544 1516 598 1580 καί
615 1515 741 1598 Ἕκτωρ
764 1517 818 1579 καί
834 1516 993 1598 Ἀχιλλεὺς
1009 1517 1265 1598 ε’μαχέσανιοὼς
1280 1516 1495 1596 ἀλεκτρυόνες.

194 1610 292 1679 Quae
308 1610 402 1667 verba
418 1609 623 1683 comparanda
647 1613 719 1667 sunt
742 1625 809 1666 oum
827 1609 880 1677 eis,
907 1627 986 1684 quae
1003 1610 1085 1684 apud
1098 1609 1281 1666 Demetrium
1297 1611 1496 1683 personatum

209 1697 324 1772 scripta
340 1699 463 1756 exstant
477 1693 496 1776 ξ
509 1697 586 1756 16οε
610 1694 674 1757 Καὶ
690 1695 822 1758 εἰκασίαι
839 1695 867 1758 δ’
887 1695 962 1758 εἰσίν
978 1695 1145 1776 εὐχάριτες,
1169 1697 1209 1757 ἂν
1222 1693 1278 1757 τὸν
1301 1694 1495 1776 ἀλεκτρυόνα

207 1783 321 1865 Μήδῳ
351 1784 486 1866 εἰκάσῃς.
518 1787 702 1844 'Praeterea
723 1789 1035 1844 commemorandum
1074 1790 1122 1844 est
1154 1787 1236 1861 apud
1268 1790 1423 1844 auctorem
1458 1787 1497 1844 ad

209 1875 390 1932 Herennium
415 1876 463 1934 lib.
488 1876 507 1942 Ι,
535 1876 564 1943 6,
593 1876 632 1933 10
664 1877 785 1934 easdem
817 1878 879 1933 tres
909 1875 1027 1934 ridiculi
1051 1877 1169 1950 speeies
1194 1876 1298 1933 eodem
1323 1875 1427 1932 ordine
1451 1876 1498 1932 in-

208 1965 319 2023 veniri:
345 1963 523 2041 tlitterarum
546 1966 723 2033 mutatione,
748 1967 868 2040 praeter
884 1960 1186 2046 exspectationem‚¹)
1210 1963 1427 2040 similitudine'.
1463 1965 1496 2022 In

208 2054 424 2128 Porphyrionis
449 2071 571 2128 quoque
595 2055 811 2112 commentario
829 2054 867 2111 ad
884 2053 1043 2111 Horatium
1068 2055 1240 2128 conscripto
1264 2054 1356 2111 huius
1381 2054 1496 2112 doctri-

128 2198 129 2202 ,
208 2137 267 2200 nae
290 2143 422 2217 vestigia
446 2146 583 2200 exstant:
608 2143 646 2200 ad
671 2161 757 2201 serm.
781 2143 816 2211 Π,
845 2143 871 2211 1,
899 2143 956 2201 56:
988 2143 1046 2201 hoo
1073 2139 1160 2221 παρὰ
1183 2140 1380 2221 προσδοκίαν
1409 2143 1494 2200 dixit³

209 2231 301 2290 etad
331 2249 410 2289 serm
433 2233 468 2300 Il,
496 2232 524 2299 2,
551 2231 608 2290 62;
641 2247 713 2308 μου
744 2249 855 2307 parcus
888 2233 982 2289 aceti:
1013 2228 1101 2310 παρὰ
1131 2229 1346 2309 προσδοκίαν.’
1394 2232 1497 2306 Atque

208 2317 305 2377 etiam
335 2321 416 2395 apud
451 2321 605 2379 Donatum
640 2322 679 2378 ad
714 2321 834 2378 Terenti
873 2321 1007 2380 Eunuch.
1039 2321 1065 2390 Ι,
1092 2322 1126 2390 2,
1156 2321 1195 2379 18
1226 2321 1285 2380 vol.
1310 2321 1331 2378 I.
1368 2313 1395 2395 pl
1421 2320 1495 2379 287.

209 2409 355 2467 Wessner
386 2409 497 2468 similia
528 2411 738 2468 inveniuntur:
775 2410 922 2487 tEnolusti
953 2410 1033 2468 huno
1063 2411 1148 2468 foras
1180 2407 1267 2487 παρὰ
1297 2407 1499 2486 προσδοκίαν

208 2495 312 2555 intulit
334 2499 456 2556 intuens
481 2499 612 2574 puellam
637 2502 667 2557 et
691 2500 718 2556 ei
743 2500 908 2557 ostendens
932 2499 1122 2568 Phaedriam,
1156 2504 1192 2556 ut
1215 2500 1368 2568 ostendat,
1403 2515 1496 2574 quam

207 2586 291 2644 falsa
315 2605 351 2644 ac
374 2589 576 2662 repugnantia
599 2588 744 2663 loquatur
766 2587 919 2646 meretrix'
944 2591 974 2646 et
997 2587 1067 2646 ibid.
1085 2589 1119 2657 ΙΙ,
1141 2589 1224 2656 1,17
1249 2588 1308 2647 vol.
1330 2588 1350 2645 l.
1367 2607 1395 2663 p.
1414 2588 1496 2647 312:

208 2674 354 2734 ‘Tandem
377 2695 413 2734 ne
438 2695 493 2751 ego
517 2677 569 2735 illa
593 2691 711 2734 caream
735 2677 762 2734 si
783 2679 829 2734 'sit
852 2694 929 2751 opus
953 2678 1002 2734 vel
1025 2679 1124 2736 totum
1146 2676 1290 2736 triduum’
1316 2678 1360 2735 sio
1384 2677 1496 2752 coepit,

209 2767 368 2840 tamquam
392 2765 506 2841 aliquid
529 2767 608 2825 sorte
637 2767 773 2824 dicturus
806 2768 837 2824 et
866 2767 1068 2840 magnificum.
1101 2785 1162 2824 non
1194 2770 1296 2825 autem
1328 2769 1377 2824 est
1406 2762 1496 2843 παρὰ

208 2851 414 2932 προσδοκίαν)
446 2856 498 2913 sed
530 2873 601 2913 vere
632 2857 750 2912 amator
781 2872 923 2929 magnum
947 2856 1005 2913 hoo
1028 2853 1168 2933 putati)
1214 2857 1370 2913 Postremo
1394 2855 1496 2913 locum

209 2959 247 3001 ex
278 2945 494 3003 commentario
525 2944 724 3018 Melampodis
756 2939 821 3001 seu'
841 2943 995 3002 Diomedis
1027 2946 1058 3002 in
1089 2945 1166 3003 artis
1197 2945 1406 3019 Dionysianae
1431 2941 1449 3022 ξ
1470 2945 1495 3003 l.

208 3033 354 3090 haustum
370 3033 496 3090 afferam
512 3051 540 3107 p.
561 3033 609 3110 13,
628 3033 669 3090 23
686 3032 737 3101 a:
757 3028 819 3099 Ὣς
834 3029 869 3091 τὸ
886 3025 914 3116 (c
930 3026 1014 3117 481>
1029 3031 1158 3112 κορυφὴ
1176 3031 1269 3111 ὄρεος
1282 3029 1436 3111 μεγάλοιο
1453 3047 1460 3059 ·
1478 3027 1498 3092 ὅ

209 3117 269 3199 γὰρ
293 3119 434 3188 ἀκούσας
455 3117 491 3180 τὸ
514 3118 645 3200 κορυφὴ
676 3119 810 3182 ὑπονοεῖ
835 3121 909 3201 περί
936 3142 1019 3189 τινος
1051 3121 1200 3202 ἐμψύχου
1232 3119 1378 3201 είρῆσδαι
1394 3120 1436 3182 ’ό
1462 3119 1498 3182 δὲ
1582 3185 1583 3204 χ

209 3208 348 3289 ἐπιφέρει
372 3209 465 3287 ὄρεος
487 3208 541 3270 καί
561 3209 681 3290 ’ἔτρεψε
710 3207 765 3270 τὸν
795 3209 988 3282 ἀκούσαντα,
1020 3209 1067 3278 ὡς
1097 3210 1292 3290 προείρηται,
1324 3207 1398 3270 ἀπὸ
1430 3214 1497 3270 τοῦ
1582 3207 1583 3270 ἶ

208 3296 539 3378 προσδοκωμένου
563 3298 616 3366 είς
638 3297 952 3379 ἀπροσδόκητονῇ
968 3297 1032 3359 ἀπὸ
1056 3299 1206 3379 ἐμψύχου
1230 3299 1276 3366 είς
1296 3298 1434 3379 ἄψυχον.
1582 3283 1583 3300 ¹

317 3389 435 3456 Restat,
469 3390 505 3445 ut
527 3389 635 3464 paucis
664 3389 701 3446 de
732 3393 866 3447 extrema
889 3390 1080 3465 paragrapho
1103 3392 1256 3448 tractatus
1281 3388 1371 3447 Goisl.
1396 3406 1495 3462 agam.

210 3477 277 3547 Qua
300 3477 336 3544 de
360 3495 390 3534 re
413 3478 558 3535 iudicium
582 3478 710 3553 protulit
732 3479 889 3536 Kaibelius
918 3479 947 3534 in
976 3479 1198 3553 prolegomenis
1222 3475 1292 3557 περὶ
1315 3475 1497 3556 κωμῳδίας

209 3585 236 3642 p.
255 3567 296 3625 57
310 3584 354 3642 sq.
391 3567 512 3624 Initium
537 3570 639 3624 autem
655 3567 826 3625 faciendum
851 3585 919 3625 esse
944 3568 1016 3624 mihi
1032 3568 1153 3625 videtur
1169 3587 1206 3625 ex
1222 3567 1346 3625 Ioannis
1363 3565 1495 3624 'l'zetnae

208 3655 239 3712 in
262 3656 497 3730 Aristophanem
521 3656 675 3730 prooemio
699 3655 744 3712 Pa
762 3675 789 3732 p.
811 3656 849 3714 17
875 3653 970 3714 OGF.
987 3657 1103 3714 Kaibel.
1150 3657 1206 3714 Ubi
1231 3657 1291 3713 duo
1316 3657 1503 3714 comoediae·

209 3762 320 3818 genera
351 3745 586 3818 distinguuntur.
632 3746 769 3820 Antiqua
800 3747 902 3802 autem
934 3745 1092 3804 comoedia
1123 3746 1231 3803 iterum
1263 3746 1311 3802 eet
1341 3745 1496 3828 bipertita.

211 3833 361 3908 Scriptum
397 3835 475 3891 enim
510 3835 638 3908 legimus
662 3834 680 3892 l.
698 3853 722 3891 e.
739 3851 762 3891 s
786 3851 814 3908 p.
835 3834 886 3892 18:
920 3831 973 3893 καὶ
1004 3831 1081 3913 αὐτη
1117 3831 1151 3894 δὲ
1181 3832 1201 3911 ἡ
1232 3830 1349 3892 παλαιὰ
1381 3831 1497 3912 ἑαυτῆς

210 3917 352 4000 διαφέρει
368 3936 374 3948 ·
390 3919 443 3981 καί
467 3920 527 4001 γὰρ
552 3921 582 3982 oi
605 3921 638 3982 ἐν
660 3927 697 4002 τῇ
717 3919 838 4001 Ἀττικῇ
859 3925 989 4001 πρῶτον
1005 3921 1233 4002 συστησάμενοι
1248 3919 1284 3981 τδ
1301 3919 1495 4001 ἐπιτήδευμα

208 4013 263 4088 τῆς
293 4007 469 4090 κωμῳδίας
500 4008 592 4090 (ἦσαν
624 4008 658 4072 δὲ
690 4010 721 4071 οἵ
742 4009 814 4092 περὶ
836 4007 1063 4096 Σουσαρίωνα)
1090 4009 1127 4071 τὰ
1159 4010 1318 4091 πρόσωπα
1351 4009 1497 4077 ἀτάκτως

317 4203 337 4268 ¹)
356 4201 392 4257 ci.
411 4200 604 4271 Plasbergium
623 4201 651 4254 in
670 4219 741 4256 mue.
760 4201 850 4256 Rhen.
870 4203 925 4256 vol.
936 4203 972 4256 53
990 4200 1080 4270 (leae)
1099 4218 1125 4272 p.
1139 4201 1174 4254 79
1193 4203 1223 4255 et
1232 4201 1371 4256 Marxium
1389 4202 1496 4271 proleg.

209 4272 245 4325 ad
264 4276 340 4328 auct.
359 4275 395 4327 ad
414 4273 533 4328 Herenn.
552 4289 579 4343 p.
593 4273 636 4340 27,
655 4273 805 4327 Amdtium
817 4289 844 4343 p.
858 4272 901 4339 39,
922 4274 968 4344 qui
982 4274 1096 4327 easdem
1116 4273 1224 4344 species
1242 4274 1317 4344 apud
1331 4273 1497 4327 Ciceronem

209 4359 322 4414 quoqne
342 4349 452 4399 exstare
471 4345 685 4400 demonstravit.
717 4345 842 4415 Apparet
860 4348 956 4398 autem
976 4344 1177 4412 Quintilianum
1197 4361 1308 4416 quoque
1327 4345 1401 4398 illius
1419 4339 1497 4415 παρὰ

207 4411 370 4484 προσδοκίαν
388 4417 520 4472 habuisse
539 4417 677 4471 rationem
696 4415 742 4470 lib.
754 4416 797 4478 vl,
817 4415 842 4480 3,
862 4415 906 4470 84.
934 4416 970 4470 cf.
989 4417 1138 4470 Arndtinm
1157 4433 1183 4487 p.
1197 4415 1239 4470 59.

210 4555 280 4614 1867
316 4488 336 4557 Ι)
347 4489 391 4614 8η.
410 4488 710 4615 Ἑεοσὲἓίεαουτςίαωι
730 4487 885 4542 Grammat.
899 4487 996 4542 Graec.
1011 4489 1045 4541 de
1059 4491 1120 4542 arte
1132 4491 1204 4558 trag.
1223 4487 1280 4542 iud.
1300 4487 1349 4543 rel.
1377 4487 1497 4542 Bonnae

281 4577 334 4631 .p.
402 4578 466 4615 an.
523 4602 529 4615 .
